3050 5066
662 388 667 398 ,
706 303 766 416 -1'3

183 560 219 636 0
243 561 398 638 felicem
422 558 592 633 habitum
610 557 824 633 oculoruml
871 555 971 630 Sunt
992 555 1089 632 baec
1113 579 1164 632 cx
1188 557 1291 632 Nec·

181 680 340 772 phronis
364 675 506 750 Medea
534 677 755 766 depromta,
790 675 894 774 quod
923 674 1065 767 colligo
1098 699 1151 747 ex
1180 676 1287 750 Stob.

179 818 215 887 p.
234 795 327 882 172,
352 793 414 865 51.
464 788 762 861 Molestissimas
787 787 1086 860 Phoenissarum
1118 790 1289 884 interpo-

179 910 344 980 lationes
369 905 509 1000 partim
533 905 681 976 detexit
693 902 986 991 Valckenarius,
1012 898 1144 975 invitis
1168 907 1291 977 reluc-

180 1001 420 1116 tantibusquo
453 1019 611 1112 reliquis
642 1020 809 1108 criticis,
837 1020 978 1112 partim
1013 1020 1151 1099 omisit.
1200 1017 1290 1093 Non

160 1140 278 1210 'vidit
301 1138 365 1210 vel
398 1133 475 1208 non
500 1155 615 1206 ausus
641 1143 699 1206 cst
723 1135 873 1222 videre,
907 1135 995 1226 plus
1032 1133 1171 1227 viginti
1205 1157 1290 1208 vcr-

180 1274 246 1325 sus
285 1252 327 1324 in
364 1251 440 1324 fine
478 1251 633 1322 fabulae
676 1251 829 1341 spurios
880 1247 1140 1342 adglutinatos
1170 1270 1268 1324 esse.
1375 1245 1377 1252 '

180 1365 281 1441 Nam
307 1368 473 1462 genuina
495 1388 612 1440 versu
635 1366 733 1440 1741
759 1372 832 1470 φεῦ
853 1366 901 1438 τὸ
931 1369 1119 1462 χρήσιμον
1144 1355 1292 1468 opsonio

179 1484 378 1556 finiuntur:
421 1505 517 1576 quae
551 1487 757 1574 sequuntur
781 1487 892 1552 cento
927 1483 1015 1548 suut
1046 1499 1097 1549 ex
1128 1487 1291 1571 quatuor
1441 1509 1445 1524 ·

179 1601 262 1671 fere
284 1599 437 1686 laciniis
462 1585 663 1686 c'onsutus,
694 1619 851 1690 quarum
873 1593 998 1685 prima
1017 1611 1040 1660 a
1058 1614 1094 1664 v.
1114 1596 1212 1666 1742
1238 1597 1299 1676 ad,

180 1715 277 1814 ¹⁷4⁷
301 1715 480 1807 pertinet·
534 1711 663 1801 Haec,
698 1735 781 1790 cum
809 1711 886 1780 sint
914 1715 953 1778 ct
983 1707 1110 1778 verbis
1144 1711 1291 1782 vitiosa
1413 1741 1415 1750 ⁴

60 1855 63 1863 ·
180 1838 219 1900 et
241 1831 354 1901 rebus
378 1828 531 1922 putida,
555 1849 634 1898 nou
660 1827 802 1913 dubito,
829 1846 853 1894 a
877 1820 1043 1893 scenicis
1063 1823 1127 1900 vel
1149 1825 1287 1897 sciolis

104 1931 111 1940 ’
179 1944 393 2036 composita
417 1963 525 2030 esse,
551 1934 811 2012 contendere.x
838 1935 930 2008 Nou
955 1939 1067 2008 decet
1090 1937 1166 2011 boc
1197 1941 1288 2012 loco

173 2058 433 2151 Antigonam,
460 2059 560 2152 quod
577 2059 730 2156 laudem
747 2057 888 2150 pictate
907 2057 1091 2148 adeptura
1115 2057 1184 2146 sit,
1207 2057 1301 2152 glo·=

178 2173 291 2262 riari,
326 2193 448 2265 neque
472 2173 604 2244 fratris
629 2173 840 2266 sepeliendi
865 2172 1085 2262 consilium,
1118 2175 1199 2264 jam
1224 2193 1289 2243 au·

178 2295 242 2360 tea
265 2289 476 2380 proditum,
509 2289 633 2382 denuo
659 2289 881 2375 ostendere,
913 2309 1053 2382 neque,
1068 2293 1072 2303 '
1087 2295 1289 2376 antequam

180 2403 360 2476 defuncto
387 2403 674 2496 compositoque
696 2411 805 2496 patre
825 2403 991 2475 Athenis
1014 2403 1202 2492 redisset,
1239 2404 1289 2474 dc

177 2519 247 2590 illa
270 2539 313 2590 re
337 2518 570 2610 perficienda
595 2518 764 2611 cogitare
784 2526 945 2610 poterat.
976 2516 1166 2591 ‘Profecto
1191 2517 1288 2590 baec

179 2633 357 2719 absurda,
384 2634 453 2705 sed
474 2629 700 2704 absurdiora
716 2653 811 2726 quae
826 2640 1032 2726 sequuntur
1054 2655 1117 2706 vv.
1131 2633 1289 2714 naa-,-
1432 2683 1434 2692 .

180 2748 287 2821 1ῒ57.
338 2745 442 2820 Ecce
476 2769 605 2830 senem
638 2747 807 2840 lepidum
837 2745 955 2818 filiam
989 2749 1039 2821 ad
1070 2749 1288 2852 saltandum

176 2861 317 2934 festive
332 2863 632 2968 exhortantem,
648 2862 837 2956 virginem
855 2885 1007 2934 morose
1031 2861 1289 2934 recusantem!

179 2976 305 3056 Quam
331 2978 501 3071 graviter
520 2999 632 3064 vero,
658 2997 769 3070 quam
789 2978 902 3071 digne
920 2985 1048 3049 tantae
1066 2979 1289 3069 tragoediae

178 3089 307 3164 exitu!
366 3089 473 3164 llaec
511 3113 562 3164 ex
599 3093 797 3184 deperdito
829 3093 974 3163 fabula·
991 3091 1188 3187 Antigone
1212 3093 1289 3164 huc
1349 3109 1352 3132 ¹

176 3195 248 3301 per
281 3205 460 3279 librarios
499 3208 686 3280 translata
720 3209 902 3298 suspicor.
963 3205 1153 3280 Videntur
1187 3211 1289 3280 enim

176 3322 232 3394 ibi
262 3343 357 3426 pars
397 3323 536 3415 parodi
566 3323 705 3409 fnisse,
740 3345 813 3416 qua
845 3321 979 3393 eadem
1008 3323 1091 3396 fere
1123 3325 1305 3422 ratione,

177 3445 290 3529 atque
313 3436 413 3508 illud
434 3438 475 3508 iu
498 3435 653 3508 Electra
681 3437 765 3509 fieri
781 3438 920 3535 fviiles,
954 3438 1087 3531 virgo,
1121 3440 1288 3531 parenti:

49 3601 51 3608 ι
174 3553 246 3624 bus
270 3552 527 3644 fratribusque
552 3552 691 3624 acerba
715 3551 933 3624 calamitate
958 3543 1287 3648 amissismoes'ta

89 3661 92 3670 '
177 3671 289 3758 atquc
315 3665 481 3755 afflicta,
506 3687 593 3740 cum
615 3660 774 3740 tratrem
798 3667 954 3759 insuper
975 3667 1209 3760 insepultum
1231 3669 1290 3760 ja·

177 3787 326 3852 centem
363 3781 651 3872 lamentaretur,
694 3783 742 3855 ab
780 3781 1020 3876 aequalibus,
1049 3783 1288 3854 'exhilarare

175 3893 284 3972 illam
309 3887 561 3984 studentibus,
587 3899 637 3972 ad
660 3895 847 3970 festorum
870 3896 1155 3990 percipiendam
1179 3915 1288 3991 prae-

176 4007 343 4079 sentiumx
368 4009 553 4086 laetitiam
581 4011 819 4111 choreasque
846 4033 976 4092 secum
1007 3997 1203 4091 ducendas
1232 4011 1288 4089 iu·

174 4123 387 4200 rachater:
1175 4155 1178 4164 ¹
1233 4145 1237 4154 ·

523 4401 526 4408 ,
548 4344 709 4418 ΧΟΡΟΣ

384 4472 475 4571 πρὸς
499 4467 625 4560 ἥλικας
648 4477 901 4578 gadrobnoda
988 4517 991 4524 ¹

1433 3757 1435 3762 ’
1502 3819 1507 3965 l

1501 4020 1505 4143 l

1499 4358 1503 4501 l
