3032 5054
611 336 614 344 .
688 200 763 368 u

158 493 285 572 locum
326 453 581 574 detrudendus
621 497 777 589 ridetur.
847 496 1009 572 Planum
1045 499 1146 594 enim
1180 501 1266 576 tora

159 617 354 708 multila,
381 638 476 708 quac
501 616 734 709 proposituri
758 637 901 702 sumus,
926 624 1102 700 accurate
1120 617 1265 708 exami·
1378 643 1380 657 ·

157 732 335 802 nantibus
360 731 542 819 arbitror,
566 753 643 800 non
666 727 997 824 interpolationem
1022 737 1177 821 tautum,
1201 755 1265 802 ve·

156 867 241 916 rum
271 833 399 918 etiam.
422 847 702 938 corruptionem
736 845 878 920 factam
911 865 999 916 essc
1029 846 1077 926 ab
1093 858 1095 865 '
1111 846 1264 924 humine

156 982 278 1052 neque
295 968 410 1052 poeta
437 982 560 1054 neque
579 961 784 1052 scriptore,
809 959 887 1032 sed„
903 959 1164 1035 versificatore
1185 967 1263 1032 stu·

156 1058 267 1167 pido,
288 1077 485 1160 ‘extremis
510 1075 745 1182 antiquitatis
770 1074 1023 1166 temporibus,
1048 1081 1150 1146 certe
1174 1083 1263 1166 post
1334 1139 1348 1152 .

157 1188 383 1278 stobaeum,
403 1190 580 1263 vivente.
633 1187 750 1280 Quod
780 1191 816 1260 si
849 1189 933 1301 quis
965 1187 1065 1258 forte
1095 1191 1264 1280 miretur,

11 1347 14 1352 v
55 1351 59 1358 -
156 1305 367 1400 quomodo
369 1303 513 1428 factum
537 1304 605 1387 sit,
636 1311 678 1374 ut
702 1303 751 1377 dc
774 1315 852 1374 una
874 1325 918 1374 re
935 1309 1011 1375 tam
1033 1303 1222 1377 diverse
1205 1324 1264 1394 ιιι·
1307 1367 1312 1391 ι

33 1440 36 1451 ·
156 1419 369 1490 &caverint
392 1417 468 1490 viri
487 1383 617 1506 docti,
645 1416 767 1506 scito,
795 1415 1013 1510 inaequalia
1037 1437 1124 1487 esse
1147 1415 1264 1500 fal-sas

153 1533 204 1604 rii
228 1532 505 1618 additamenta,
532 1533 611 1604 alia
634 1531 811 1629 meliora,
835 1531 900 1602 ubi
920 1531 1091 1638 pressius
1109 1529 1261 1602 insiste·

148 1647 219 1734 ¹bat
236 1653 453 1734 auctorum,
478 1667 573 1739 quos
587 1647 826 1732 imitabatur,
848 1645 1044 1738 vestigiis,
1069 1643 1262 1716 deteriora

136 1761 250 1847 ulia,
275 1761 340 1834 ubi
364 1760 441 1832 sibi
463 1759 685 1852 indulgebat
701 1759 869 1832 liberius.
919 1756 1016 1830 Inde
1035 1759 1195 1848 accidit,
1217 1766 1260 1830 ut

152 1873 437 1962 Meblboruius,
463 1875 546 1968 qui
543 1870 760 1950 Hermauui
783 1873 1024 1946 editionem
1012 1893 1052 1944 m
1077 1873 1260 1945 Zimmer·

147 1988 282 2060 manni
307 1989 430 2060 diario
456 2010 616 2062 censens
647 1987 857 2059 novissime
888 1988 936 2058 de
969 1987 1042 2060 bac
1071 2009 1113 2057 re
1147 1988 1258 2078 dixit,

85 2165 88 2172 .
153 2105 314 2176 duorum
339 2102 413 2173 sibi
435 2101 750 2196 interpolatorum
776 2115 930 2194 operum
960 2123 1170 2194 agnoscere
1205 2105 1260 2172 vi·

82 2255 97 2286 t·
152 2220 317 2288 deretur.
368 2215 505 2298 Qualis
531 2225 654 2288 autem
671 2209 817 2310 ingenii
841 2217 954 2306 homo
978 2216 1053 2288 isto
1070 2214 1198 2302 fuerit,
1223 2223 1262 2288 et
1401 2199 1403 2212 ’

152 2333 340 2464 quomodo
365 2328 561 2422 Euripidis
586 2351 694 2424 opus.
712 2331 951 2430 tractaverit,
983 2339 1026 2404 ut
1057 2331 1260 2404 aestimare

150 2446 363 2556 possimus,
398 2444 499 2516 boile
532 2451 775 2562 prospectum
810 2452 879 2518 cst.
938 2445 1123 2520 Servatur
1159 2447 1260 2518 enim
1296 2451 1300 2463 ‘

150 2557 343 2632 inlibris
362 2581 541 2636 versuum
572 2581 751 2636 uumerus
785 2561 880 2633 sutis
898 2581 1090 2663 maguus,
1125 2559 1259 2654 quibus

130 2675 211 2746 ‘bis
236 2675 392 2746 eaedem
417 2696 480 2746 res
505 2677 767 2761 enuntiantur,
803 2652 1037 2766 sicquidem
1060 2681 1121 2762 ut,
1158 2697 1259 2746 com·

150 2789 295 2890 paratis
319 2791 496 2860 uersibus
519 2789 707 2882 utrimque
735 2787 1171 2878 sibirespondentibus,
1206 2789 1257 2860 al·

151 2912 256 2976 teres
281 2899 476 2996 Euripidis
511 2903 656 2998 alteros·
684 2901 983 2996 interpolatoris·
1002 2921 1110 2990 esse,
1144 2897 1257 2997 appri-

149 3010 262 3124 reat.v
293 3017 392 3090 Inde
413 3015 514 3089 hunc
539 3017 636 3089 solis
661 3017 898 3106 excudendis
923 3015 1097 3090 versibus
1133 3018 1258 3098 deleo,-

148 3141 380 3215 iatum'csse
405 3132 652 3228 perspicitur:
679 3152 751 3234 qno
774 3130 815 3200 iu
833 3131 988 3222 negotio
1008 3132 1065 3202 sio
1083 3139 1279 3210 versatus.
1335 3106 1348 3172 ¹·
1408 3175 1409 3182 ι

150 3255 228 3336 est,
251 3255 303 3320 ut¹
317 3247 431 3320 modo
451 3249 614 3344 servatis
631 3243 860 3344 rebus'uihii
873 3243 950 3344 ‘nisi
970 3247 1121 3340 singula
1139 3249 1257 3322 verbu
1341 3239 1342 3242 ’

149 3361 382 3458 immutaret,
413 3362 527 3451 modo
562 3361 746 3454 colloquii¹
767 3376 953 3452 personas
983 3360 1084 3432 inter
1107 3385 1149 3450 se
1173 3385 1257 3455 por·
1374 3401 1397 3430 ,-

150 3471 346 3572 mutarit,
354 3475 544 3548 interdum
567 3477 683 3546 etiam
701 3482 861 3546 metrum
879 3475 986 3562 aliud
1000 3477 1253 3563 substitueret

81 3663 86 3668 ,
149 3586 210 3662 liu
232 3596 321 3673 autc
345 3591 479 3662 oculos
504 3590 574 3660 tibi
597 3589 725 3682 posita
751 3590 947 3701 exempla·

294 3764 301 3776 .
422 3699 628 3804 Euripides
652 3725 689 3776 v.
693 3700 790 3782 631.
862 3731 878 3776 ·.

220 3813 250 3892 ol
272 3819 387 3918 μῆτερ
411 3816 752 3920 ὑποδραμὸῢσάι,
788 3820 965 3918 ὀργισθῇς
989 3813 1117 3918 δὲμὴ,

152 3933 331 4034 πρὸς
339 3933 477 4031 στέρνα
504 3935 647 4033 πατρὸς
671 3934 812 4032 στέρνα
832 3931 938 4025 τάμὰ
957 3918 1158 4040 sporacio

404 4043 653 4118 versificator
675 4066 712 4123 v
729 4043 805 4130 635

163 4213 167 4224 ·
217 4161 287 4254 ἐγὼ
312 4155 353 4239 δὲ
336 4161 561 4259 ὲβούλομαι
585 4161 636 4232 τὰ
661 4162 715 4234 σὰ
738 4161 881 4263 στέρν’,
906 4155 932 4234 oi
956 4163 1090 4272 πάτερ,

220 4269 494 4383 ὑιιοδραμοῦσα
517 4275 739 4376 προςβαλεῖν
763 4273 827 4350 διὰ
851 4279 1004 4378 χρόνον.
1194 4273 1196 4282 ⁴

220 4393 324 4463 ποθῶ
339 4394 422 4493 ,γὰρ
447 4386 551 4484 ὄμμα
577 4385 619 4478 δὴ
645 4393 723 4468 σόν·
756 4395 933 4492 ὀργισθῇς
956 4387 997 4466 δὲ
1019 4391 1081 4483 ινιῖ.
1104 4407 1108 4416 ’
1276 4411 1283 4420 ’
