3050 5066
784 235 841 268 .t

659 311 835 421 „2'

250 559 340 614 num
365 537 699 632 depravationibus
723 536 948 634 injuriisque
973 547 1202 634 temporum,
1236 540 1359 616 altero

250 653 291 724 in
315 663 532 726 noseorum
556 659 616 724 est
645 652 839 726 bominum
873 654 1039 748 ingeniis
1071 657 1207 748 posita.
1257 657 1368 732 Nnm'

251 790 362 863 quum
387 767 499 862 pauei
522 766 937 860 ubiqueinveniautur,
964 768 1026 862 qui
1047 768 1088 857 iu
1105 770 1218 843 rebus
1245 773 1356 846 aesti-

139 955 141 960 .
247 883 397 956 mandis
412 904 481 956 suo
497 883 644 974 J‘udirio
669 881 725 954 uti
742 881 892 974 possint
908 883 1111 975 velintque,
1130 893 1209 958 tum
1232 886 1273 958 iu
1294 909 1356 960 an·

248 997 435 1092 tiquitatis
465 995 643 1090 operibus
673 996 893 1088 judicandis
926 997 1096 1091 plerique
1129 1006 1354 1078 auctoritate

247 1113 451 1186 dueuntur:
475 1112 576 1184 unde
600 1110 656 1199 fit,
678 1119 719 1184 ut
743 1118 808 1184 aut
831 1129 948 1185 eaeoo
975 1113 1101 1186 studio
1127 1136 1173 1188 ao
1190 1122 1353 1212 'stupore

246 1226 478 1300 admirentur
502 1246 597 1320 quae
621 1224 807 1298 laudibus.
823 1227 891 1298 ulii
916 1227 1238 1321 celebrant,·aut,
1269 1257 1353 1308 euru

245 1341 323 1414 sint
347 1343 427 1414 suia
453 1340 668 1434 surculique
686 1339 791 1411 vitiis
813 1341 990 1431 obnoxii,
1016 1342 1351 1435 deterioribusde-

243 1455 464 1558 leniantur..
501 1453 632 1556 Quare
664 1455 909 1558 posteaquam
949 1456 997 1562 A,
1019 1453 1067 1532 G.
1090 1455 1294 1564 §oblegeh
1328 1486 1353 1535 a

243 1591 318 1664 quo
343 1576 522 1664 eorrupta
545 1587 632 1644 essa
656 1569 802 1644 saeculi
823 1569 971 1661 judicia
992 1566 1161 1663 Goetbe',
1186 1597 1351 1650 summus

240 1707 366 1757 rerum
392 1707 487 1778 quae
512 1687 561 1786 ad
581 1685 829 1756 eruditionem
849 1688 1039 1776 pertinent
1062 1689 1219 1778 arbiter,
1245 1693 1349 1764 iden-

240 1800 358 1893 tidem
384 1800 569 1894 queritur,
598 1789 793 1891 Euripidis
817 1798 968 1874 fabulas
997 1803 1183 1877 infamare
1208 1807 1348 1898 eoepit,

123 1939 125 1948 ⁴
242 1923 280 1988 et
305 1937 391 1988 oum
414 1915 481 1990 ilio
506 1913 765 2000 Hemnatae,
790 1924 1046 2006 perscrutator
1066 1919 1348 2012 tragoediarum

240 2051 462 2124 marearum
488 2030 571 2102 siue
591 2028 705 2104 dubio
723 2030 1014 2122 sagaoissimus,
1040 2033 1254 2118 eonsensit,
1278 2034 1348 2106 vix

237 2144 414 2218 invenias
440 2145 502 2238 qui
517 2152 582 2217 aut
606 2144 727 2215 libero
744 2145 834 2216 illas
850 2145 995 2236 judicio
1012 2148 1244 2246 examinare,
1269 2157 1346 2238 aut,
1461 2209 1464 2216 .

238 2259 361 2332 sioubi
395 2260 619 2353 probentur,
662 2257 827 2352 ingenua
866 2259 982 2331 fateri
1013 2258 1117 2332 ielit.
1176 2261 1255 2334 Sed
1291 2264 1346 2362 ¹de
1445 2285 1473 2365 ἰ

235 2373 300 2448 bis
318 2372 504 2466 peculiari
521 2373 619 2444 libro
638 2372 855 2466 germaniae
876 2374 1119 2466 expositurus
1145 2393 1245 2449 sum:
1270 2375 1345 2448 hoo

237 2495 363 2562 autem
388 2495 556 2581 tempore
579 2487 621 2560 id
637 2509 723 2582 apo,
748 2487 1343 2582 utiuterpolamentaosteadam,
1418 2517 1421 2528 ·

117 2593 126 2616 ‘
171 2585 175 2594 ’
236 2603 374 2698 quibua
395 2599 592 2696 Euripidis
617 2601 769 2674 fabulae
794 2609 971 2696 tauquam
995 2605 1171 2676 sordibus
1204 2605 1342 2681 obdur-

111 2781 115 2790 .
233 2725 298 2791 tae
323 2718 499 2813 squalent
507 2765 519 2806 ,
551 2725 612 2805 et,
644 2738 739 2812 quae
763 2718 840 2790 siut
865 2720 949 2809 ejus
974 2719 1257 2812 depravationis
1281 2743 1341 2794 ra·
1420 2731 1427 2748 ’

232 2833 359 2906 tiones
377 2839 414 2905 et
432 2833 540 2928 quasi
558 2853 717 2926 genera,
742 2832 931 2924 exemplis
950 2833 1215 2928 demonstrem.
1255 2834 1341 2916 Quo

231 2947 274 3020 iu
296 2950 453 3044 negotio
479 2939 642 3022 'duarum
666 2946 897 3033 fabularum,
931 2967 1025 3039 quas
1057 2937 1165 3022 totas'
1190 2950 1341 3042 spurias

231 3071 272 3136 et
290 3085 359 3157 per
376 3083 542 3136 errorem
561 3060 736 3155 Euripidi
754 3083 841 3134 esse
859 3060 1018 3134 tributas
1037 3062 1218 3152 arbitror,
1244 3061 1341 3156 Sap·

230 3179 355 3274 plioes
379 3179 467 3252 dieo
488 3185 599 3272 atqua
615 3175 864 3266 Heraclidas,
887 3177 1030 3253 nullam
1055 3197 1136 3250 sum
1153 3179 1341 3252 rationem

229 3293 441 3382 babituros,
466 3290 707 3390 Iphigeuiam
727 3298 852 3366 autem
869 3289 1140 3379 Aulideos'em,
1158 3293 1250 3385 quia»
1261 3315 1353 3366 uon·

228 3408 367 3482 leviter
391 3429 514 3503 neque
537 3405 709 3500 partibus
732 3408 933 3480 dumtaxat
954 3405 1027 3490 ,sed
1050 3407 1231 3481 universa
1256 3429 1339 3502 gra·
1455 3411 1459 3418 '

228 3521 400 3598 vissimis
422 3520 715 3597 adulterationis
739 3520 888 3594 damnis
913 3519 1127 3594 deformata
1158 3529 1238 3607 est,
1272 3544 1337 3615 pe·

226 3635 365 3710 ouliari
390 3635 645 3731 disputatione
664 3637 963 3731 pereenseudam
984 3655 1152 3708 reservo.
1202 3633 1336 3731 Neque
1468 3701 1472 3708 .

227 3745 328 3826 euim
353 3746 487 3825 eadem
517 3760 578 3826 est
603 3749 816 3826 fabularum
847 3748 1013 3824 omnium
1044 3749 1233 3840 oouditio,
1267 3753 1337 3835 sed

226 3869 328 3940 oliae
362 3867 535 3964 puriores
567 3865 669 3940 aliae
702 3865 959 3958 eorruptiores
991 3863 1334 3956 deprehenduntur,

119 3991 120 4000 ‘
224 3990 265 4054 et
288 3982 371 4056 iere
389 3983 551 4056 tbeuffis
569 3981 895 4056 eelebrotissimoe
913 3977 1152 4073 gravissimis
1172 3982 1334 4057 affertao

224 4105 313 4170 suut
328 4098 626 4191 injuriis,„unda
648 4095 752 4169 baud
777 4117 937 4189 parvam
959 4092 1111 4174 iliarum
1128 4095 1331 4186 interpola·

79 4290 83 4300 s
223 4213 366 4286 tionum
391 4221 537 4306 partem
562 4235 587 4284 a
610 4209 775 4284 seeuiois
808 4210 950 4282 fartam
975 4210 1143 4301 satisque
1167 4209 1332 4302 antiquis

220 4328 454 4423 ,temporibus
480 4336 601 4400 ortam
626 4345 713 4398 esee
745 4325 985 4426 intelligitur.
1029 4301 1219 4418 Exemplo
1246 4330 1333 4396 suut

219 4441 676 4520 Phoenissarumversus
693 4440 784 4528 666,
809 4438 896 4527 ddi,
