3018 5052
641 235 644 252 ¹
765 302 866 394 ooo

392 537 608 638 Κενταύρων
631 533 691 608 ἐπὶ
715 528 831 607 δαῖτα
855 533 929 610 τάν
1057 583 1062 612 r
1157 561 1171 608 ’.

272 647 370 722 1000
392 655 487 726 θεῶν
511 650 679 751 κρατῆρά
701 673 743 734 τε
767 647 930 748 Βάκχου.
1329 721 1333 734 ,

359 785 362 804 ’
390 765 511 860 μέγα
535 759 569 836 δ’
594 764 815 854 ἀνέκλαγον,
847 753 1047 861 άΝημηῒ
1070 759 1206 863 κόροι,
1283 773 1287 794 “

390 875 519 962 παῖδες
544 875 758 970 Θεσσαλοὶ,
794 875 910 970 μέγα
935 880 1045 977 φῶς,
1070 935 1076 954 ,

310 1053 314 1062 ,
386 999 558 1086 μάντις,,
577 991 730 1092 Φοῖβος,
767 993 788 1062 ὁ
812 995 976 1064 Μουσᾶν
999 990 1034 1063 τ’

389 1102 512 1196 εἰδὼς,
548 1105 807 1199 γεννάσεις,
1035 1093 1038 1098 ’

268 1218 367 1296 1000
390 1220 528 1322 Χείρων
552 1221 585 1294 τ’
610 1215 837 1311 ἐξονομάζων

264 1427 474 1450 m

346 1577 374 1620 r.
391 1557 469 1618 1051
485 1573 565 1638 seqq.
605 1555 802 1636 „Magnum
822 1553 864 1616 sio
879 1551 1006 1636 virgineo
1019 1553 1183 1620 Thessalae
1203 1553 1376 1626 oednerant,

264 1657 385 1734 efllo'a
411 1655 528 1730 Nerei,
554 1674 708 1734 mgnum
731 1673 821 1728 vero,
850 1653 939 1734 inquit
959 1654 1104 1715 illusarum
1131 1656 1205 1728 dux,
1232 1654 1376 1728 Phoebus,

263 1757 372 1817 lamera
387 1753 591 1834 procreabis,
614 1751 750 1832 simulque
763 1751 885 1825 Chiron,
905 1752 1052 1814 nominans
1073 1774 1151 1830 oum,
1173 1753 1219 1836 qni
1239 1760 1375 1816 venturus
1415 1823 1419 1831 ¹

264 1861 346 1916 esset
366 1873 429 1916 euno
449 1851 751 1934 Myrmidonibusote“
791 1851 822 1912 lo
842 1851 886 1912 lois
908 1851 973 1930 quid
994 1853 1109 1913 tandem
1127 1861 1172 1914 est
1194 1851 1268 1932 quod
1289 1853 1374 1933 impli-
1485 1937 1486 1940 Ἴ

263 1959 358 2014 catum
378 1953 604 2034 perplexonque
632 1950 731 2014 rooari
752 1949 857 2012 liuenti
899 1951 971 2012 Nom
997 1952 1138 2034 uirginum
1159 1953 1374 2026 Thessalorum,
1485 1967 1486 1988 ι

262 2051 281 2112 i.
294 2072 320 2112 e.
332 2053 478 2114 Musarum
492 2061 606 2114 eentum
626 2049 663 2111 ab
676 2049 808 2131 Apolline
828 2049 1003 2131 interpellari
1017 2051 1229 2132 continuariqua
1247 2052 1373 2142 repetito

23 2141 30 2164 ‘
159 2195 162 2217 ,
262 2153 400 2214 venabulo
420 2142 575 2232 magnisona
595 2150 667 2213 sotis
693 2149 842 2232 perspicue
869 2148 1058 2230 significetur.
1100 2148 1235 2212 Ceterum
1262 2169 1373 2212 mouen-

262 2250 328 2312 tom
355 2251 430 2331 quod
446 2252 596 2325 Catullus,
624 2248 655 2312 id
675 2248 751 2329 quoti
770 2233 913 2310 intellexit
932 2248 1132 2324 Marklandus,
1155 2250 1184 2312 in
1204 2251 1291 2331 Napt.
1311 2249 1373 2312 Pel.
1481 2239 1486 2258 ‘

262 2355 294 2412 et
314 2351 404 2412 Tloet.
425 2369 537 2412 eumen
557 2351 611 2410 lroo
631 2349 905 2428 praestantissimum
924 2348 1051 2410 inritatos
1073 2357 1128 2412 ert.

344 2469 371 2514 v.
388 2451 476 2510 1052.
517 2448 597 2510 Liiori
627 2447 745 2520 παῖδας
775 2449 812 2506 αἱ
840 2448 1033 2512 Θεσσαλαὶι
1068 2448 1197 2510 correxit
1221 2447 1372 2510 Hostilius.

262 2549 366 2610 lterum
379 2531 415 2610 ⁸io
435 2549 564 2628 proximo
585 2564 669 2610 uersu
690 2545 827 2608 articulus
846 2545 1020 2610 incommode
1041 2547 1153 2608 additus
1174 2546 1323 2621 inuenitur.

343 2668 372 2712 v.
386 2644 474 2708 1053.
516 2645 610 2728 codo(
627 2643 747 2728 μάντις
777 2647 807 2708 δ’
829 2648 1000 2730 ὁ“Φοῑβος·
1026 2647 1091 2708 eod.
1113 2646 1234 2732 μάντις
1255 2649 1273 2710 ὁ
1295 2649 1371 2710 Φοῖ-

263 2749 328 2830 βος.
371 2748 448 2808 Tum
468 2767 520 2828 pro
541 2747 690 2810 Monunio
711 2748 742 2808 τ’
763 2747 832 2810 Par.
848 2748 881 2810 B.
903 2751 1050 2810 Monunio
1072 2747 1114 2829 γ’,
1135 2747 1211 2808 Flor.
1229 2747 1256 2808 l.
1277 2746 1370 2813 Moo-

262 2852 339 2912 σοῖν.
379 2847 518 2908 toloneo·
544 2847 760 2924 est'astioulas,
789 2857 874 2908 notos
895 2847 956 2908 sinn
987 2846 1071 2908 eluloio
1100 2847 1244 2910 oculorum
1274 2866 1371 2908 errore

262 2967 302 3010 ex
319 2943 372 3023 δὲ,
395 2947 469 3027 quod
490 2955 520 3008 et
539 2929 631 3028 ipsunt
651 2947 849 3030 intempestive
869 2947 1039 3008 inculcatum
1052 2953 1115 3008 erat
1131 2947 1167 3008 ab
1183 2946 1233 3018 iis,
1254 2946 1316 3025 qui,
1336 2949 1370 3010 τ’

261 3047 364 3121 tertio,
384 3055 417 3108 ut
438 3047 590 3128 putabant,
610 3047 750 3110 voeabula
771 3047 898 3110 additum
915 3045 985 3108 lerri
999 3065 1054 3108 non
1075 3065 1162 3128 posse
1182 3045 1299 3126 opinati,
1320 3065 1370 3126 pro

168 3195 173 3224 ,
262 3145 384 3228 μάντις
406 3148 523 3228 Φοῖβος
544 3149 724 3234 ὀΜοοοοῖν
744 3145 776 3206 τ’
792 3147 979 3226 reponendum
1001 3147 1120 3227 μάντις
1134 3146 1169 3210 δὲ
1185 3149 1369 3227 Φοιβιςοιο.

261 3245 479 3309 existimabant:
511 3265 568 3326 qua
591 3266 631 3308 ex
657 3243 811 3307 nutatione
839 3252 923 3306 natos
948 3245 1023 3310 alter
1043 3264 1141 3320 error,
1173 3252 1206 3306 ut
1226 3245 1370 3328 genitivus

260 3349 408 3410 Monunio
426 3346 486 3426 jan
506 3365 562 3406 non
582 3363 602 3408 a
621 3346 741 3440 μάντις
763 3343 816 3406 sed
830 3342 969 3422 allelluia
983 3344 1107 3426 pendere
1119 3352 1276 3426 poteretur,
1287 3344 1370 3426 ‘quod

261 3453 293 3507 et
312 3445 524 3507 oonstrootiooo
545 3451 575 3506 et
596 3465 682 3506 sensu
702 3445 827 3526 ineptum
848 3451 902 3506 ert
945 3446 994 3506 Tu
1006 3464 1075 3508 vero
1089 3446 1233 3528 conjunge
1249 3443 1369 3529 μάντις

163 3541 182 3600 ἰ
260 3545 278 3608 ὁ
300 3549 447 3609 Μουσᾶν
468 3555 560 3606 vates
579 3545 767 3617 Morantur,
787 3563 843 3626 quo
864 3543 975 3604 nornine
995 3553 1075 3606 route
1097 3545 1257 3626 appelletur
1277 3545 1369 3606 Plroe·

260 3643 314 3706 irus
339 3644 404 3706 ideo
434 3645 510 3726 quod
530 3643 664 3706 vaticinia
690 3662 856 3722 omnemque
882 3643 1080 3704 diuinationem
1101 3645 1191 3708 llosis
1217 3643 1368 3729 suggerits

261 3761 336 3824 quae
356 3743 493 3804 voeabula
511 3763 593 3824 quoru
614 3744 642 3808 oi
667 3750 699 3806 et
725 3724 935 3826 significatione
961 3741 1052 3804 instar
1077 3742 1158 3804 unius
1185 3744 1260 3817 siut,
1290 3752 1369 3806 reete

260 3841 400 3926 partioulu
421 3847 453 3903 r'
476 3843 512 3903 ad
533 3861 754 3918 aunonensem,
780 3860 864 3922 quarn
885 3842 1007 3922 exposui
1027 3842 1055 3902 in
1075 3842 1146 3904 libro
1167 3843 1203 3904 de
1223 3843 1368 3924 particulis

261 3939 368 4024 stripto
394 3942 438 4002 Τ.
451 3941 471 4001 l.
499 3963 527 4022 p.
546 3939 628 4016 118„
658 3942 794 4004 ambobus
821 3940 1017 4024 postponitur:
1045 3960 1110 4002 nano
1128 3961 1230 4004 nonen
1250 3945 1369 4028 Φοῖβος

260 4060 323 4104 eun
343 4041 438 4102 locum
456 4040 581 4115 obtinet,
610 4048 643 4102 ut
659 4042 697 4104 sit
718 4042 776 4104 διὰ
799 4042 899 4124 μέσον
916 4040 1112 4122 ‘accipendum

342 4161 369 4203 r.
387 4139 475 4200 1054.
515 4139 636 4212 Prionos,
656 4141 824 4202 vocobulum
854 4139 1023 4224 γιννάοιις
1053 4148 1132 4202 reete
1163 4140 1368 4222 interpretatas

258 4240 442 4322 llusgravius
462 4245 521 4300 est:
542 4246 609 4300 anto
629 4239 720 4320 iprum
741 4240 814 4302 eoin
835 4240 870 4302 de
883 4239 1152 4322 pernotarentur
1167 4241 1369 4323 cogitaverunt

258 4340 441 4421 interpretes.

340 4459 368 4502 r.
381 4439 468 4502 1055.
509 4437 632 4502 Tertius
659 4437 860 4522 superveniens
880 4438 986 4504 chiron
1012 4437 1152 4504 oantieou
1179 4439 1308 4504 allusio
1327 4440 1367 4506 in·
