3018 5052
781 263 864 352 174
889 397 893 416 ἱ

388 504 455 574 οὐκ
479 493 516 578 ἐξ
542 493 627 569 ίσου
653 495 724 595 γὰρ
748 495 906 587 μένομεν
928 493 1090 597 Εὐρίπου
1114 497 1240 582 πνοάς.

268 609 343 688 795
392 613 429 686 οί
454 613 521 702 μὲν
546 611 618 709 γὰρ
641 613 738 700 ήμῶν
763 605 865 694 ὄντες
889 607 1015 702 ἄζυγες
1040 612 1206 705 γάμων.

356 734 359 744 ’
390 723 510 808 οίκους
536 729 686 826 ἐρήμους
710 725 917 810 ἐκλιπόντες
942 721 1075 798 ἐνθάδε

390 841 613 913 θάσσουσιν·
631 839 766 926 ἀκτὰς,
800 841 837 909 οἱ
862 834 893 912 δ’
917 833 1069 936 ἔχοντες
1095 833 1238 966 cripr'doc¹

392 954 455 1028 καὶ
479 941 628 1037 παῖδας·
663 950 759 1026 οὕτω
786 949 901 1038 δεινὸς
925 953 1126 1048 ἐμπέπτωκ’
1150 949 1243 1054 ίρως
1322 997 1325 1002 -

365 1065 500 1155 arcte
526 1066 727 1168 στρατείας
752 1059 885 1154 πᾶσιν,
911 1077 977 1143 οὐκ
1002 1061 1089 1142 οίνευ
1115 1067 1219 1141 θεῶν.

269 1183 344 1257 899
391 1185 532 1276 τούμὸν
556 1186 624 1276 μὲν
650 1176 715 1256 οὗν
739 1179 881 1258 δίκαιον
904 1183 968 1279 ἐμὲ
991 1183 1109 1277 λέγειν
1132 1183 1260 1289 χρεών·

269 1401 477 1416 *ι-

352 1547 378 1588 ν.
393 1522 463 1585 795.
504 1523 583 1584 Libri
596 1521 741 1600 Εὐρίπου
758 1520 876 1598 πύλας.
909 1522 1078 1585 Emenderit
1090 1524 1277 1596 Hermennus,
1298 1523 1381 1586 cber·

269 1645 351 1688 resse
372 1623 476 1685 librarii
489 1623 598 1684 oculum
611 1624 646 1684 nb
664 1624 718 1686 boc
739 1642 825 1684 versu
840 1623 876 1684 nd
896 1644 922 1686 v.
936 1621 1003 1684 893.
1025 1633 1055 1684 et
1075 1625 1222 1704 utriusque
1236 1607 1380 1686 clausuros

186 1751 194 1766 υ
269 1725 345 1786 inter
366 1745 398 1784 se
420 1722 597 1804 permutnsse
625 1723 788 1784 ostendens.
829 1723 913 1790 Quod
929 1725 1035 1784 'nutem
1060 1720 1148 1796 idem,
1178 1725 1380 1806 interrogatio·

271 1825 314 1886 nis
333 1833 431 1912 notem·
449 1823 512 1884 lruic
530 1815 625 1884 v'ersui
645 1824 800 1884 addendum
823 1843 888 1883 esse
904 1819 994 1896 dixit,
1015 1843 1117 1884 nvero
1135 1823 1288 1884 oberravit.
1326 1826 1381 1884 Vs·

271 1933 350 1985 retur
370 1925 441 1984 enirn
462 1923 602 1995 Achilles,
634 1945 684 1996 no,
707 1924 731 1984 si
757 1923 859 1982 diutius
888 1924 924 1982 nd
945 1923 1073 1985 Aulidem
1094 1931 1241 1984 teneretur
1269 1924 1381 1986 exerci-

271 2032 335 2097 tus,
356 2024 493 2084 redeunte
515 2021 656 2082 desiderio
678 2023 829 2104 conjugum
846 2021 1052 2102 liberorumque
1060 2042 1161 2101 ‚xquos
1173 2023 1278 2104 impetu
1299 2025 1382 2104 quusi

168 2177 177 2196 ,
272 2124 402 2202 divinitus
430 2123 554 2182 immisso
584 2121 777 2194 deseruerint,
811 2121 931 2182 bellandi
958 2122 1059 2202 cupido
1092 2124 1278 2206 languescat,
1305 2143 1381 2202 quoe

272 2223 395 2304 suspicio
416 2233 452 2284 σο·
472 2243 503 2282 re
525 2222 647 2283 maxims
666 2229 744 2281 moto
766 2231 826 2296 est,
847 2223 920 2302 quod
934 2242 1052 2284 uxorem
1073 2242 1134 2282 cunr
1155 2221 1214 2282 lilia
1235 2224 1263 2282 in
1284 2235 1382 2282 costus

272 2343 291 2384 n
319 2344 389 2408 rege
411 2322 567 2384 arcessitus
589 2341 654 2382 esse
675 2321 790 2381 nudivit.
830 2323 942 2402 ltaque,
972 2329 1095 2404 quaest
1122 2321 1206 2381 enimi
1235 2322 1381 2406 generosi·

272 2431 352 2498 tete,
374 2421 596 2504 compellaturus
618 2419 652 2480 de
674 2439 710 2478 en
729 2439 761 2478 re
781 2417 1022 2502 Agamemnonem
1042 2421 1128 2484 vonit.
1299 2431 1302 2438 ’

258 2615 260 2620 .
354 2557 464 2623 ν.795.
506 2554 585 2615 Libri
606 2551 774 2616 θάσσουῶ
796 2555 845 2618 ἐπ’
873 2554 987 2627 ἀκτάς.
1028 2555 1098 2618 Plus
1119 2557 1207 2618 semel
1228 2555 1330 2618 cecidit
1349 2563 1383 2617 ut

155 2729 159 2736 .
272 2655 377 2718 cuditis
397 2654 652 2734 praepositionibus
680 2673 795 2715 cnsunm
822 2655 877 2718 rim
906 2655 1092 2738 adjuvandum
1119 2665 1271 2716 censerent
1297 2657 1382 2718 inter·

272 2763 381 2838 preter.
422 2755 520 2822 Quare
536 2755 726 2820 sconowe
741 2757 847 2830 ἀκτάς
861 2755 970 2836 scripsi.
1012 2758 1082 2816 Nem
1103 2755 1236 2818 illddrix
1256 2755 1320 2820 fieri
1334 2775 1383 2838 po·
1504 2767 1505 2774 ’

273 2855 341 2946 tuit,
368 2862 415 2929 ut,
445 2856 470 2916 si
493 2857 543 2919 ἐπ’
567 2854 686 2934 ἀκταῖς
708 2857 842 2938 scriptum
862 2857 1035 2920 invenissent
1057 2856 1110 2927 illi,
1139 2857 1187 2918 ἐπ’
1211 2857 1317 2931 ἀκτὰς
1338 2876 1384 2917 re·

273 2963 421 3036 ponerent.
462 2955 663 3019 decusativum
684 2965 778 3018 nutem
798 2959 886 3019 verbo
906 2957 954 3016 illo
972 2956 1100 3036 junctum
1119 2955 1227 3018 videbis
1248 2955 1383 3019 Androm.

51 3083 55 3100 ·
180 3089 185 3110 ·
276 3053 453 3136 117.1pltg.
475 3057 514 3116 T.
529 3056 599 3117 277.
620 3057 729 3118 Trnnd.
751 3055 817 3118 1³8.
837 3058 901 3118 dnn.
917 3057 966 3116 91.
990 3052 1077 3116 1489.
1090 3063 1146 3116 etc.

356 3207 384 3250 v.
397 3187 467 3249 798.
507 3191 587 3252 Libri
609 3188 750 3268 ἄπαιδες
774 3209 828 3272 pro
848 3190 904 3252 καὶ
923 3191 1067 3263 παῖδας,
1093 3189 1169 3270 quod
1188 3173 1382 3272 reponendum

273 3287 345 3352 vidit
364 3289 557 3371 Musgrnvius.
869 3359 879 3395 x

315 3441 321 3453 ·
355 3444 384 3490 v.
400 3421 470 3484 799.
519 3423 599 3486 Libri
623 3423 717 3500 τῆςδε
750 3423 932 3508 στρατείας
962 3421 1099 3489 Ἐλλάδι
1128 3429 1177 3510 γ’,
1215 3426 1274 3489 οὐκ
1303 3424 1384 3486 ἄνευ

274 3525 368 3588 θεῶν.
421 3524 575 3606 Elmslejus
606 3525 700 3598 τῆςδε
732 3513 933 3604 στρατείας,
967 3529 1026 3589 οὐκ
1057 3523 1136 3588 ἄνευ
1166 3531 1250 3590 θεῶν
1279 3511 1384 3600 τίνος,

259 3644 356 3706 ,quom
375 3626 568 3706 conjecturem
589 3625 780 3708 comprobavit
792 3627 980 3688 Hermnnnus.
1021 3627 1196 3708 Euripidem,
1216 3627 1271 3688 boc
1291 3627 1315 3687 si
1337 3620 1385 3688 iro·

274 3723 385 3796 luisset,
406 3725 573 3805 scripturum
586 3726 674 3788 luisse
688 3732 757 3808 puto
771 3727 829 3786 οὐκ
845 3723 925 3789 ἄνευ
937 3730 1018 3789 θεοῦ
1039 3751 1140 3804 τινος.
1184 3727 1268 3794 (lund
1289 3735 1386 3788 nutem

258 3825 454 3896 ,Hermnnnus
476 3825 618 3900 Graecos,
645 3845 728 3906 quum
751 3813 815 3906 quid
837 3827 894 3886 οὐκ
918 3822 999 3890 ἄνευ
1022 3830 1105 3890 θεῶν
1134 3828 1263 3888 occidere
1281 3827 1385 3899 dicent,

244 3967 249 3977 ·
274 3924 407 4006 cogitare
425 3924 561 4004 propitios
581 3945 694 4008 semper
711 3935 798 4004 etque
819 3925 988 4006 adjuvantes
1012 3926 1083 3990 deos
1104 3928 1184 3999 dicit,
1205 3926 1298 4008 magis
1320 3923 1386 4006 quid

275 4025 422 4106 opinetur,
443 4043 525 4103 quom
547 4025 610 4104 quid
632 4025 823 4086 necessarium
842 4027 880 4086 sit
898 4027 1032 4088 ostendit.
1073 4028 1230 4088 Praetereo
1250 4027 1387 4086 librorum
1437 4039 1444 4054 ‘

218 4123 221 4133 '
275 4141 386 4206 qunque
407 4134 522 4194 unturn,
544 4124 689 4203 quominus
701 4125 744 4184 bis
765 4125 832 4186 viris
854 4117 1118 4202 doctisndsentinr,
1140 4127 1274 4188 retineor.
1311 4127 1386 4185 l'erc

276 4225 364 4296 enim,
392 4233 424 4284 ut
445 4223 650 4296 demonstrori,
681 4224 781 4284 simllio
801 4245 853 4305 pro
874 4225 1007 4288 similibus
1026 4227 1156 4310 ponendo
1185 4228 1248 4308 ejus
1270 4225 1387 4312 generis

256 4323 450 4408 ¹corruptelas
462 4321 564 4391 ,lentes
584 4342 651 4406 espn
664 4331 793 4404 opporet.
834 4325 918 4387 Haec
941 4335 1090 4408 reputans,
1112 4312 1253 4392 ‘Ebbcidr
1275 4331 1305 4410 γ’
1323 4345 1386 4388 cum

274 4432 382 4488 πᾶσιν
403 4421 627 4486 commutandum
648 4441 714 4483 esre
735 4421 813 4484 duxi.
1170 4413 1175 4425 '
