3032 5054
781 310 847 428 aa
873 247 879 261 Χ

120 569 126 589 =
264 541 366 646 neno
390 537 548 634 primam
573 559 715 634 ponere
735 537 804 612 viu
829 537 1006 632 dubitem.
1055 537 1153 614 Nam
1174 543 1210 616 si
1229 542 1367 615 nuilu-

263 657 368 733 beuti
400 654 527 728 auimo
558 661 668 748 pater
702 654 828 728 reolus
860 657 1110 730 summitteret
1145 664 1210 730 out
1244 655 1366 730 invito

258 769 340 846 iiiia
372 770 422 842 ad
452 767 681 844 saorifioium
713 768 943 857 traheretur,
976 777 1097 859 esset,
1135 769 1235 864 quod
1257 769 1365 844 iilum

258 886 555 976 detestaremur,
591 883 690 956 huno
728 883 1097 974 oommIseroremur,
1132 905 1213 960 rem
1246 890 1366 960 totum
1501 883 1504 890 ’

179 1011 186 1031 ’
258 1021 532 1074 aversaremur.
583 996 713 1078 Quare
733 997 963 1072 eontrarium
986 989 1121 1074 horum
1145 999 1203 1072 sie
1227 999 1367 1088 effodit,

106 1143 109 1169 ·
257 1121 301 1188 ut
330 1117 453 1207 paene
485 1111 752 1188 misericordia
785 1113 923 1207 diguus
939 1112 1232 1208 Agamemnon,
1265 1113 1367 1188 felix

185 1215 187 1222 ¹
257 1230 516 1326 praedicande
533 1226 737 1322 Iphigenia
755 1227 976 1316 videretur,¹
993 1237 1127 1323 utque,
1153 1249 1250 1323 quae
1275 1229 1365 1301 doio

257 1343 570 1430 Institutionum,
604 1341 861 1436 generositate
897 1342 1013 1414 enimi
1039 1345 1087 1416 ad
1114 1343 1258 1416 exitum
1282 1363 1367 1436 per·
1417 1411 1420 1418 ⁴

260 1457 498 1531 ducerentur.
561 1453 694 1551 Neque
731 1455 866 1530 horum
912 1457 1114 1554 quidquam
1146 1457 1211 1543 vel
1254 1456 1366 1530 offen·

259 1578 380 1660 tatum
403 1571 467 1644 vei
491 1570 655 1646 alienum
687 1591 711 1643 a
741 1571 855 1644 rebus
885 1573 1134 1667 personisque
1167 1591 1271 1661 esse,
1307 1595 1366 1646 ar·

260 1703 377 1781 gnere
395 1685 540 1780 possis:
567 1685 747 1779 expedito
762 1685 890 1778 potitus
909 1687 1091 1760 ouutoet
1106 1685 1214 1783 quusi
1230 1696 1367 1780 sponte

176 1823 186 1832 ·
261 1801 452 1876 eveniunt
498 1798 654 1873 Initium
680 1801 781 1873 euim
806 1809 844 1880 et
868 1802 978 1895 qussi
1004 1800 1095 1876 fons
1126 1802 1284 1876 seclusis
1308 1812 1369 1876 est

259 1903 398 2011 ingens
421 1913 592 1993 universi
615 1915 749 2010 populi
767 1915 932 2008 impetus
948 1917 1012 1988 vel
1036 1915 1163 2009 potins
1186 1917 1294 1990 furor
1314 1917 1369 1990 di·

223 2089 226 2104 .
261 2030 406 2104 vinitas
428 2029 642 2120 immissus,
669 2017 741 2126 quo
760 2029 810 2104 ad
825 2030 1008 2104 barbaros
1024 2031 1125 2103 helio
1142 2051 1368 2125 persequen-

261 2147 334 2218 dos
358 2146 457 2218 mira
475 2145 668 2240 pugnandi
686 2144 863 2240 cupidine
887 2143 1018 2218 fertur.
1065 2143 1150 2220 IIoo
1176 2147 1295 2239 igitur
1309 2145 1368 2220 Iu·

260 2281 349 2336 sore
373 2267 499 2349 tanto,
525 2267 663 2355 quanto
688 2262 758 2335 vix
784 2257 934 2346 medio,
960 2259 1061 2354 quod
1087 2261 1245 2349 dieitur,
1271 2283 1368 2334 aevo

94 2400 96 2408 ι
133 2391 161 2408 ··
212 2369 234 2421 v'
255 2375 315 2448 ad
339 2393 487 2447 sueram
513 2382 653 2447 terram
678 2372 971 2467 expugnandum
994 2376 1161 2466 majores
1180 2375 1369 2470 quondam

261 2487 386 2562 nostri
409 2485 573 2581 proiecti
598 2507 685 2560 erse
717 2489 936 2577 traduntur,
970 2509 1082 2584 quum
1105 2487 1369 2584 Agamemnon

233 2629 234 2636 ¹
262 2603 348 2696 Ipse
374 2622 521 2697 quoque
545 2600 709 2674 iuieetos
731 2608 851 2690 esset,
875 2611 955 2674 tum
974 2601 1087 2678 etiam
1106 2603 1263 2676 honoris
1289 2604 1368 2677 dui·

264 2717 400 2790 oediue
424 2721 461 2787 et
477 2715 623 2810 gloriae
645 2715 852 2810 eupiditate
877 2717 1164 2806 oboueoabatnr,
1187 2727 1229 2790 ut
1251 2713 1369 2791 filium

264 2829 464 2906 immolare
480 2851 637 2924 paruum
658 2851 745 2904 esse
765 2831 920 2903 donent
943 2853 1035 2924 puae
1054 2831 1104 2904 iis
1120 2832 1245 2920 bouIs,
1273 2853 1369 2926 quae

263 2945 388 3041 gelid
404 2945 619 3021 universam
634 2941 841 3022 Graeciam
854 2944 918 3020 vei
933 2945 973 3018 iu
988 2945 1112 3038 ipsum
1127 2947 1218 3020 iude
1235 2949 1370 3020 redun-

267 3062 403 3134 datura
420 3060 655 3132 uidebuntur.
706 3057 821 3140 Quod
844 3059 908 3132 ubi
927 3061 1047 3134 semei
1062 3062 1209 3150 anuuit,
1236 3069 1370 3154 eaptus

256 3176 619 3269 oiroomvortusque
644 3182 722 3264 est,
746 3181 788 3246 ut
811 3195 933 3268 neque
955 3176 1035 3266 jnm
1053 3195 1231 3248 recusare
1248 3195 1369 3267 neque
1507 3215 1508 3226 ι

154 3303 188 3382 ᾖ
265 3281 720 3384 prohiberassorifioium
746 3290 829 3362 siue
853 3309 998 3362 summe
1034 3288 1205 3382 peruioie
1233 3289 1369 3382 possit.
1411 3291 1416 3318 '
1452 3273 1455 3282 ¹
1507 3371 1508 3378 ἵ

265 3402 419 3498 Insigni
442 3401 558 3500 igitur
581 3404 772 3497 sapientia
786 3405 843 3474 sio
863 3424 944 3474 rem
967 3403 1132 3478 Instituit
1153 3399 1370 3497 Euripides,
1389 3463 1390 3472 ,
1507 3393 1508 3416 ¹

177 3557 181 3584 ·
265 3525 443 3613 utquam
464 3518 621 3593 minimo
640 3517 751 3612 eulpa
770 3517 1084 3590 immanissimum
1111 3516 1237 3590 sueino
1256 3519 1303 3590 ab
1324 3537 1370 3588 eo
1507 3511 1508 3514 ’

268 3634 583 3721 oommitteretur,
608 3653 704 3706 nove
728 3623 885 3726 propter
908 3631 982 3704 hoo
1003 3632 1253 3704 detestandos
1269 3637 1373 3704 esset

245 3765 436 3824 ¹summus
459 3770 550 3838 rex,
572 3745 777 3820 olorissimi
802 3745 993 3821 exereitus
1017 3745 1242 3839 imperator,
1266 3747 1372 3818 nobi·

266 3847 499 3934 lissimorum
532 3853 700 3962 virorum
735 3862 825 3934 dux.
871 3855 973 3932 Nam
1007 3859 1042 3930 si
1077 3870 1259 3954 perpetuo
1283 3861 1373 3934 rett-

266 3977 414 4049 unisset
446 3976 676 4050 obstiuntam
708 3974 825 4048 animi
858 3973 1100 4063 eaecitatem,
1140 3975 1229 4046 odio
1261 3997 1373 4069 quam

267 4091 521 4164 admiratione
547 4090 700 4186 dignior
724 4097 837 4162 esset.
887 4085 968 4160 Sed
992 4088 1085 4162 vioit
1108 4090 1251 4181 pietas,
1279 4089 1374 4196 yioit

265 4204 483 4279 humanitas
498 4205 697 4297 interjecto
715 4213 897 4297 tempore,
917 4225 988 4300 quo
1004 4201 1083 4276 fllia
1101 4203 1373 4276 oroesseioutur.

266 4317 386 4411 Inde,
412 4319 671 4394 evenientibus
695 4317 782 4390 aiiIs
809 4341 955 4414 quoque
971 4319 1146 4390 adversis
1163 4318 1274 4390 rebus
1295 4316 1373 4410 plu·

267 4433 397 4525 rimis,
428 4435 526 4534 mite
550 4433 684 4508 existit
707 4453 833 4506 rerum
856 4434 1111 4522 diuersorum,
1144 4431 1372 4542 diguititatis
