3050 5066
643 255 755 411 ‚os

96 541 101 556 ⁸
168 554 253 645 ejus
278 552 439 647 gerrae
453 571 631 626 numeros
661 572 821 646 magnus
846 552 887 624 in
911 547 1110 664 Euripidis
1134 553 1277 645 tabulis

167 666 371 740 invenitur.
420 665 535 740 Velut
558 667 600 736 in
616 663 840 738 Phoenissis
864 667 899 738 si
926 669 1081 761 genuini
1105 677 1192 738 sunt
1214 687 1276 739 vv.
1379 729 1381 746 .

168 783 395 871 eae-ota,
418 782 460 854 in
483 801 634 854 nassum
652 784 757 852 dieto
775 773 904 852 omnia
922 803 1018 876 quae
1033 784 1276 874 praeeedunt.

168 895 218 968 In
233 891 431 968 iliiseuim
448 893 653 986 Polynioes
667 915 722 978 so,
742 897 841 988 quod
860 898 984 984 exsul,
1006 897 1106 990 quod
1122 915 1278 988 egenus,

169 1011 270 1106 guod
302 1011 445 1102 injuria
469 1009 533 1082 >sit
565 1007 741 1096 effeetus,
777 1010 938 1082 invitum
971 1013 1047 1082 diis
1076 1011 1277 1104 penatibus

168 1125 309 1198 bellum
327 1125 503 1197 intulisse
521 1131 682 1196 testatus
700 1131 778 1196 est:
803 1124 844 1195 in
868 1125 930 1196 his
955 1126 1040 1204 sola
1058 1111 1276 1208 diuitiarum

59 1245 62 1248 ’
168 1240 373 1332 cupidine,
406 1241 490 1312 sine
525 1238 660 1333 quibus
694 1238 847 1332 generis
881 1241 1079 1312 nobilitas·
1100 1241 1276 1326 intereat,

168 1353 373 1446 impulsum
405 1377 491 1434 eum
525 1355 673 1448 ingenti
707 1355 880 1426 exereitu
915 1354 965 1425 ad
990 1338 1277 1445 opprimendam

82 1525 85 1530 -
169 1469 336 1562 patriam-
357 1469 511 1540 venisse
544 1467 742 1561 gloriatur,
789 1467 866 1540 lita
889 1468 1175 1540 misericordiae
1199 1490 1277 1540 mo·
1390 1487 1395 1500 ·

169 1585 318 1658 vendae
343 1603 482 1655 eanssa
506 1583 610 1654 dieta
633 1590 755 1670 ιιιιιι,λ
772 1582 869 1654 haee
901 1603 980 1654 non
1009 1589 1170 1678 possunt
1199 1605 1277 1654 non

83 1781 95 1792 ἱ
168 1683 342 1772 exaitare
365 1697 677 1794 indignationem.
726 1695 931 1768 Praeterea
954 1705 1042 1768 sunt
1060 1697 1276 1789 interpola

171 1813 299 1886 tionis*
312 1812 457 1884 indieia
481 1813 644 1904 primurn
669 1807 771 1905 quod
792 1813 976 1884 iterantur
994 1814 1035 1882 in
1053 1811 1114 1914 ipis
1138 1813 1277 1903 partim

172 1949 220 2001 ee
237 1936 333 2022 qua'e
348 1926 589 2010 eontinentur
598 1925 857 2019 superioribus
872 1922 1023 2020 (confer
1034 1929 1276 2010 versuumn.

171 2039 257 2114 oum
281 2063 318 2114 v.
332 2043 417 2116 430.
447 2047 486 2111 et
514 2061 668 2112 versum
698 2039 868 2134 didace.
900 2063 986 2112 eum
1010 2042 1135 2115 etot
1167 2038 1277 2135 seu),
1363 2025 1365 2030 ’

172 2156 312 2228 deinde
348 2157 447 2250 qnod
477 2154 559 2227 hiat
575 2198 577 2203 ·
591 2153 862 2243 commissura,
897 2155 1096 2245 partientis
1120 2158 1188 2249 pir
1211 2153 1279 2230 odo

80 2261 107 2328 ι’
171 2293 251 2343 non
273 2269 501 2342 habentibus
527 2291 600 2362 quo
630 2268 855 2342 referantur.
904 2268 953 2342 In
983 2270 1116 2342 eadem
1145 2270 1294 2342 fabula*
1339 2346 1341 2352 ,

171 2385 326 2458 delendi
347 2407 409 2458 vv.
430 2385 655 2460 lae-nol.
703 2380 793 2454 Non
818 2387 877 2456 est
907 2387 1009 2456 enim
1040 2391 1118 2456 tam
1141 2385 1278 2468 molest
1408 2407 1411 2418 ’

172 2508 234 2572 tus
258 2495 487 2593 Euripides,
517 2509 559 2572 ut
583 2501 743 2572 eandem
766 2521 847 2570 rem
870 2499 931 2570 bis
954 2501 1192 2584 auditoribus
1219 2523 1278 2572 so·
1347 2494 1350 2500 ’
1431 2607 1432 2614 ¹

158 2615 251 2709 'leat
284 2614 510 2688 obtrudere
552 2611 653 2686 Nam
684 2614 895 2684 eavendum
924 2613 1144 2708 Antigonae
1179 2637 1278 2702 esso,

20 2763 22 2768 ·
107 2753 112 2761 ·
172 2751 223 2801 ne
247 2727 376 2801 famae
400 2729 663 2800 detrimentum
694 2727 786 2810 inde'
808 2737 1008 2815 naseatnr,
1048 2730 1149 2824 quod
1174 2737 1279 2802 stans

119 2869 122 2884 ·
168 2844 215 2914 in
232 2849 334 2914 teoto
352 2843 458 2914 viros
476 2841 756 2935 specularetur,
780 2841 969 2936 prineipio
991 2847 1119 2918 statim
1140 2845 1290 2918 seenae'

173 2957 316 3030 dietum
341 2964 401 3028 est
425 2979 450 3030 a
471 2958 716 3051 paedagogo,
741 2963 783 3028 ut
802 2955 875 3028 hoe
899 2957 986 3028 ioeo
1010 2960 1137 3030 redire
1160 2959 1280 3047 iliam,

174 3071 500 3166 appropinquante
525 3070 663 3158 ohoro,
685 3072 852 3163 jussisse
872 3069 1051 3144 sufficiat
1098 3069 1279 3145 Profeeto

173 3187 440 3281 intempestive
463 3194 678 3280 temereque
701 3185 939 3264 eonvieiatur
971 3186 1199 3260 mulieribus.
1223 3190 1279 3264 iu·
1320 3202 1345 3272 ᾗ
1412 3277 1415 3283 ,

127 3315 131 3330 ·
172 3301 394 3394 terpolator.
545 3347 547 3354 ·
1257 3362 1269 3380 .,

269 3415 378 3488 Bene
396 3416 523 3490 finitur
540 3415 696 3508 Ulyssis
717 3436 812 3510 quae
833 3420 875 3490 in
894 3417 1053 3492 Heeube
1079 3426 1139 3492 est
1156 3421 1279 3492 orntio

173 3551 289 3604 versu
306 3533 390 3605 ³27.
441 3531 551 3612 Quae
575 3538 664 3623 post
685 3532 786 3602 huno
817 3539 1040 3625 sequuntur,
1073 3540 1151 3608 tam
1172 3535 1280 3630 inim·

138 3647 143 3670 '
174 3666 287 3716 manu
312 3653 391 3720 tam
416 3647 511 3724 dure
534 3655 684 3741 tamque
709 3647 973 3734 aeerbaeunt,
989 3653 1039 3718 ‘ut
1056 3669 1178 3742 neque
1196 3673 1282 3722 eum
1384 3711 1386 3716 ,

176 3737 361 3832 orationis
393 3769 526 3834 tenore
558 3760 704 3855 reliquo
736 3763 978 3832 eonsentiant
1007 3784 1128 3856 neque
1154 3765 1280 3856 animo

174 3871 347 3963 Ulyssis,
379 3884 570 3948 servatum
594 3897 637 3948 se
662 3877 710 3946 ab
733 3875 892 3948 Heonba
916 3877 1078 3968 gratiam
1100 3881 1178 3971 ipsi
1210 3903 1281 3971 pro

177 3989 300 4060 salute
331 3989 469 4071 debere
502 3990 749 4075 enuntiantis,
787 3987 866 4060 ullo
897 3992 1010 4062 modo
1043 3971 1283 4067 ‹eonveniant

174 4101 223 4174 In
254 4102 524 4176 Andromaeire
555 4126 651 4198 quae
690 4112 750 4176 est
783 4098 934 4176 Orestis
961 4107 1090 4178 verbis
1130 4129 1284 4181 annexu

177 4218 368 4304 sententia
390 4215 442 4314 (v.
458 4219 555 4292 reor
575 4215 685 4313 seu),
710 4241 930 4314 quoeunque
950 4220 1094 4310 refers,
1119 4222 1284 4294 absurda

178 4341 248 4406 est.
281 4330 415 4437 Neque
434 4335 574 4408 eadunt
591 4334 633 4408 in
651 4335 847 4434 ingenium
864 4331 1027 4408 Medeae
1044 4335 1140 4408 haee
1164 4338 1284 4414 verba

177 4443 266 4538 (4⁰6
284 4445 402 4542 seeo)

958 4521 963 4536 ι

955 4567 980 4635 3
1079 4591 1081 4600 ι
