3032 5054
610 283 617 306 ”
661 287 747 376 119.

269 522 357 604 τοὺς
381 515 411 592 δ’
432 515 497 604 ἔξω
522 510 785 618 σιιραφόρους]

269 633 547 738 πυῤῥότριχας,
580 633 780 728 μονόχαλα
805 621 837 702 δ’
861 630 935 704 ὑπὸ
960 631 1092 730 σφυρὰ

142 773 145 784 ·
269 742 603 848 ποικιλοδέρμονας·
629 741 694 830 οἷς
708 745 994 843 παρεπάλλετο,
1056 803 1082 830 Δ,

268 864 423 962 ἀντήρης
447 870 636 958 καμπαῖσι
659 853 816 959 δρόμων,
845 928 848 932 ,

147 977 222 1049 22⁰
269 968 455 1061 Πηλεΐδας
479 978 550 1048 σὺν
574 970 733 1056 ὅπλοισι,
748 979 835 1074 παρ’
859 965 1005 1065 ἄντυγα

267 1091 330 1173 καὶ
355 1094 529 1190 σύριγγας
554 1087 808 1188 ἁρματείους.Ι

147 1187 148 1194 ¹
341 1197 521 1298 [Ναῶνδ
548 1201 787 1301 ,εἰςαριθμὸν
811 1197 949 1284 ἤλυθον
1065 1195 1166 1302 (στρ.
1191 1197 1252 1298 β.)

268 1317 332 1390 κοιλ
353 1319 448 1390 θέαν
472 1318 698 1420 ἀθέσφατον
725 1316 728 1321 ’

267 1435 352 1530 τὰν,
364 1429 574 1524 γυναικείαν
598 1427 685 1517 ι’λψιν
709 1427 888 1520 ὀμμάτων

144 1543 219 1616 225
266 1550 311 1628 ὡς
333 1548 536 1638 πλήσαιμι,
567 1547 729 1640 μείλινον
755 1538 905 1618 ἁδονάν.
1005 1601 1009 1614 .

143 1834 193 1894 illo
213 1831 359 1915 profectos
379 1851 453 1906 esse,
476 1821 527 1911 qui
539 1835 674 1914 strophas·
686 1851 760 1914 quae
774 1829 1039 1910 sequuntarlecit.“
1079 1832 1249 1894 Herman-

143 1952 216 1994 nus.
242 1932 292 1993 'dt
311 1953 367 1992 non
389 1941 435 1992 est
454 1933 511 1990 ulla
531 1932 559 1991 in
579 1943 612 1992 ta
625 1932 716 1992 'anilis
737 1931 901 2012 Euripides:
928 1945 1001 2012 ergo
1019 1931 1138 1992 delendi

224 2051 251 2092 v.
266 2031 334 2092 217.
376 2031 474 2091 Peene
494 2031 651 2110 ubicunque
677 2031 877 2109 interpolatum
897 2019 944 2092 est
968 2031 996 2090 in
1017 2032 1071 2090 hae
1089 2031 1250 2112 tragoedia,

143 2127 311 2211 transpositi
331 2149 442 2210 quoque
462 2139 529 2188 sunt
549 2149 650 2206 vasus
671 2138 701 2190 et
721 2131 854 2190 turbatus
869 2131 949 2190 ordo.
986 2129 1078 2210 Igitur
1093 2140 1160 2210 post
1175 2131 1252 2191 iuna

142 2251 256 2294 versum
276 2231 434 2292 scribuntur
450 2230 538 2309 vulgo
559 2232 647 2291 verba
661 2230 810 2308 ἀντήρεις
829 2239 1002 2310 καμπαῖσι
1017 2229 1154 2312 δρόμων,
1176 2211 1252 2308 quad

143 2331 208 2410 qnid
229 2330 282 2390 sibi
310 2330 433 2402 vellent,
459 2348 542 2388 nemo
569 2331 640 2391 satis
666 2329 812 2410 explicare
838 2329 939 2410 potuit.
978 2328 1025 2389 Ea
1051 2337 1119 2410 post
1144 2350 1171 2390 v.
1188 2327 1248 2387 218
1303 2385 1305 2394 .

141 2430 294 2511 rejicienda
315 2428 486 2490 existimavi.
916 2461 918 2475 .

177 2549 250 2604 ν.
263 2527 331 2587 218.
374 2529 464 2589 Codd.
485 2535 516 2587 ct
536 2527 599 2588 edd
623 2536 695 2589 vett
723 2477 1050 2609 ποικιλλολέρμονας.
1090 2509 1249 2588 Emendate

143 2618 259 2709 icrlpot
278 2627 317 2688 fl.
337 2625 508 2707 Stephanus.

222 2747 250 2789 v.
263 2727 332 2786 219.
372 2728 443 2787 vile
463 2727 499 2786 ad
513 2747 539 2788 v.
554 2726 623 2786 217.
641 2727 795 2805 Ἀντήρης
815 2747 868 2808 pro
885 2727 1036 2806 ἀντηριις
1048 2725 1158 2806 scripsi.
1184 2725 1250 2806 Flu

142 2826 273 2886 curriculi
290 2827 352 2908 jam
370 2825 555 2906 propinquum
580 2825 669 2888 fuisse
681 2825 818 2886 Achillem
839 2827 911 2916 haec
930 2827 1020 2890 verba
1032 2825 1143 2886 docent.
1174 2826 1248 2886 Nam

142 2926 363 3008 capadocem
384 2934 445 2996 est,
472 2926 501 2984 id
521 2926 595 3004 quod
615 2927 722 2986 monuit
743 2925 891 2986 Seidlerus
910 2927 946 2984 ad
966 2927 1073 2986 Electr.
1085 2925 1155 2982 654.

224 3025 332 3087 v.22⁰.
375 3022 549 3098 Πηλεΐδας
567 3045 619 3104 pro
646 3025 813 3100 Πηλείδας
839 3023 1008 3104 Elmslejus,
1034 3020 1170 3084 ὅπλοισι
1194 3023 1248 3102 pro
1327 3031 1328 3034 ’

143 3121 259 3198 ὅπλοις
283 3125 318 3184 G.
339 3123 504 3185 Dindorfius
525 3124 716 3186 emendarunt.
752 3123 756 3156 ¹

223 3244 251 3288 v.
269 3225 337 3283 222.
358 3241 437 3305 seqq.
479 3223 536 3290 eui
557 3224 691 3304 deinceps
710 3223 838 3304 sequitur
857 3223 967 3284 navium
989 3221 1156 3304 catalogus,
1183 3239 1249 3281 eum

142 3325 179 3385 ab
200 3323 407 3402 interpolatore
423 3323 583 3384 coniectum
604 3344 670 3384 esse
690 3325 815 3404 pluribus
833 3321 1054 3401 firmissimisque
1073 3321 1249 3403 argumentis

117 3409 240 3484 ¹docuit
264 3423 443 3482 Hermonnus
474 3419 519 3504 (in
548 3421 669 3501 praefat.
695 3445 723 3504 p.
739 3425 818 3486 XlV.
839 3419 935 3502 sdq.):
966 3421 1128 3482 sufficiebat
1154 3429 1249 3480 autem

138 3514 240 3595 'anunm
269 3540 325 3601 qno
346 3523 388 3581 uti
408 3521 456 3581 ille
476 3519 581 3594 noluit,
607 3521 682 3601 quod
709 3522 807 3582 addito
826 3543 862 3582 eo
891 3523 1027 3602 catalogo
1056 3521 1112 3580 duo
1137 3519 1250 3582 cantica

142 3642 205 3682 cum
217 3621 337 3702 singulis
357 3621 465 3702 epodis,
486 3639 560 3699 quaa
576 3621 635 3687 sint
649 3641 701 3702 pro
716 3623 794 3702 chori
806 3622 922 3704 paredo,
942 3620 1113 3693 efficiuntur,
1130 3618 1161 3680 id
1175 3621 1250 3701 quod

142 3721 180 3782 ab
199 3719 339 3798 Euripidis
360 3720 563 3782 consuetudine
583 3719 667 3801 plane
694 3723 840 3786 abhorret.
881 3719 955 3783 Nihil
974 3729 1069 3780 autem
1089 3719 1165 3780 aliud
1186 3721 1250 3808 egit

141 3821 227 3882 nomo
248 3837 362 3892 vecors,
383 3820 430 3900 qni
447 3815 553 3880 haecce
574 3821 745 3902 composuit,
771 3841 856 3902 quam
877 3821 976 3880 ducum
996 3820 1107 3880 nomina
1125 3817 1249 3882 ‘navium-

142 3939 199 4006 que
218 3936 366 4006 nuperum
392 3938 431 3978 ex
458 3920 583 3980 secunda
608 3921 702 3980 lliadis
729 3919 881 4000 rhapsodia
901 3890 1055 4004 descripsit
1082 3927 1112 3980 et
1137 3917 1249 3982 navium

142 3979 315 4100 quaedari
307 4011 431 4098 insignia
455 4017 518 4096 ipsa
546 4016 735 4098 excogitauit
778 4021 912 4080 Ceterum
942 4019 989 4098 qui
1014 4019 1157 4102 patienter
1183 4019 1249 4078 tulit

141 4113 313 4198 Euripidis
304 4115 422 4196 injurius
442 4101 592 4194 plerasque
611 4117 807 4192 Hermamnus,
834 4117 862 4179 in
891 4117 1000 4184 falsarii
1025 4139 1112 4198 opere
1139 4115 1249 4180 concin-

29 4221 31 4228 ‘
142 4218 235 4282 nando
263 4215 379 4276 multum
406 4214 493 4274 studii
517 4216 681 4276 consumsit.
722 4217 772 4278 Ex
800 4216 899 4300 quibus
927 4216 1168 4280 emendationibus
1196 4232 1250 4279 nor

143 4335 265 4400 paucas,
292 4307 433 4396 quesnel
453 4327 501 4376 res
523 4304 644 4376 suadere
664 4318 711 4380 ve'l
728 4317 841 4380 codices
866 4320 1048 4400 suppeditare
1074 4291 1251 4406 vicedonum

144 4415 308 4504 recepimus
