3032 5054
269 581 364 636 esso·
387 561 601 649 statuisset,
637 581 682 632 eo
714 547 1027 634 non'deterrltus
1061 569 1139 652 est,
1177 565 1275 658 qnod
1306 563 1376 660 tlla

266 699 337 772 pro
361 677 506 770 patria,
544 677 642 749 llaec
673 699 741 770 pro
778 677 887 749 hoste
913 679 1029 748 vitam
1063 679 1239 769 deponit,-
1275 683 1376 773 qnod

143 825 145 838 ¹
243 793 336 890 'illle
378 793 488 886 regia
526 792 666 886 virgo,
712 793 885 864 omnibns
916 792 1028 867 bonis
1065 791 1250 880 affluens,
1274 795 1411 871 sula·

114 943 119 948 ·
266 906 398 978 tricem
428 905 590 998 patriam
621 917 890 1002 parentemque
920 905 1120 994 relictura,
1158 907 1254 979 haec
1288 931 1374 1000 cap.

265 1021 365 1108 tiva,
386 1019 618 1114 'expugnata
648 1023 773 1114 patria
804 1029 916 1113 atquo
946 1023 1125 1109 incenso,
1158 1023 1374 1096 interfectis

265 1135 446 1208 iratribus
465 1155 550 1206 cnm
569 1143 677 1228 patre
696 1157 800 1221 sene,
826 1144 945 1207 ruatrc
964 1135 1013 1206 ad
1035 1137 1214 1208 servilem
1232 1145 1374 1209 sortem

267 1251 432 1337 detrusa,
460 1251 629 1339 decedit3
655 1251 755 1342 qnod
779 1249 865 1348 illa,
889 1250 1051 1328 ut'bona
1068 1252 1235 1342 majora,
1263 1273 1375 1345 qnam

264 1364 400 1459 'quibus
433 1361 519 1455 'jam
553 1363 738 1453 abundat,
782 1363 1034 1457 adipiscatur,
1073 1363 1167 1436 haec
1201 1373 1243 1436 nt
1272 1366 1374 1438 mala

264 1481 418 1570 majora
440 1475 614 1572 effugiat,
639 1477 737 1551 morl
762 1479 874 1571 cupit
928 1476 1058 1558 Quare
1077 1477 1273 1574 quumilla
1297 1481 1375 1552 lae·

266 1599 352 1664 tans
374 1611 567 1688 ovansque
587 1594 698 1666 abeat
711 1598 750 1664 et
767 1592 921 1666 felicem
940 1615 994 1681 se,
1015 1596 1238 1688 qucdtanta
1250 1595 1375 1689 gloria

265 1707 468 1802 potiretur,
510 1707 665 1800 felicem
694 1708 877 1801 patriam,
911 1709 1012 1803 quod
1031 1719 1374 1810 tscprooreasset,

223 1896 226 1904 ,
265 1821 511 1917 praedicans3
551 1821 648 1894 haec
687 1821 918 1910 lamentans,
957 1811 1161 1916 deplorans
1200 1835 1373 1914 matrem,

266 1957 378 2032 quam
402 1937 566 2008 omnium
598 1937 814 2008 mortalium
837 1936 952 2030 longe
977 1937 1230 2009 miserrimam
1262 1941 1374 2012 deso·

266 2051 456 2146 latamque
488 2050 667 2123 relictura
694 2055 817 2140 esset,
842 2051 1047 2144 deplorans
1072 2073 1133 2139 se,
1161 2055 1261 2146 quod
1286 2054 1374 2129 luce

266 2167 498 2260 privaretur3
521 2165 771 2254 versificator,
794 2185 868 2259 qna
886 2172 966 2238 erat
984 2165 1217 2258 stupiditate,
1235 2170 1374 2243 nuiss·

267 2302 338 2375 quc
361 2281 479 2354 verba
504 2282 561 2353 stc
586 2281 756 2368 miscuit,
780 2287 822 2352 ut
839 2277 1096 2373 Iphigeniam,
1121 2292 1298 2376 tanquam
1315 2287 1373 2358 in-

267 2417 400 2468 sanam
425 2393 704 2486 furentemque,
728 2393 842 2464 modo
867 2393 1014 2464 laetitia
1039 2395 1232 2468 exsultare
1257 2403 1372 2472 modo

265 2507 434 2582 lacrimis
461 2508 653 2581 debilitari
677 2506 834 2598 iecerit3
869 2529 941 2601 qua
970 2509 1011 2580 ln
1035 2529 1077 2580 rc
1101 2519 1223 2583 utrum
1250 2517 1372 2608 magis

266 2625 486 2697 vecordiam
510 2621 797 2716 interpolatoris
821 2641 870 2694 an
894 2624 1135 2696 securitatem
1155 2627 1372 2702 criticorum

267 2739 452 2826 admirer,
482 2737 626 2809 nescio.
1471 2823 1477 2833 Ι

218 2847 222 2860 ’
299 2849 305 2873 '
363 2849 568 2948 Postquam
594 2849 774 2923 discessit
792 2849 924 2945 virgo,
949 2854 1077 2924 statim
1094 2839 1278 2948 nuntius„
1293 2857 1372 2930 obi·

266 2974 345 3040 tum
362 2966 466 3040 illius
485 2967 742 3060 expositurus,
768 2967 906 3060 prodit.
943 2963 993 3040 Id
1009 2990 1154 3062 quoque
1174 2972 1303 3064 inepte
1321 2975 1371 3045 ad

245 3113 249 3124 ·
264 3082 469 3178 imaginem
482 3079 703 3171 Polyxenac
719 3079 766 3151 ab
785 3081 1057 3174 interpolatore
1073 3083 1283 3158 institutum
1303 3096 1373 3160 est.

264 3193 364 3271 Nam
390 3196 496 3291 qnid,
523 3195 703 3282 obsecro,
729 3201 804 3282 cst,
831 3175 1087 3288 quocondita
1113 3201 1282 3272 anuntio
1310 3224 1372 3272 cn·

264 3307 413 3406 pimusi
468 3307 568 3384 Num
612 3314 752 3401 quanta
774 3311 906 3381 animi
946 3311 1170 3384 fortitudine
1211 3323 1371 3387 mortem

265 3447 384 3521 passa
408 3427 460 3498 sit
481 3420 612 3516 virgo!
660 3420 715 3494 At
736 3423 779 3494 id
811 3423 960 3517 quidem
993 3447 1120 3510 coram
1150 3431 1371 3519 spectatori.

263 3541 335 3614 bns
361 3541 456 3613 satis
477 3538 556 3629 jam
580 3537 668 3628 ipso
692 3538 874 3626 ostendit,
906 3548 970 3628 nt,
1004 3541 1094 3636 quid
1118 3541 1283 3614 futurum
1308 3545 1371 3632 sit,

265 3653 383 3728 facilc
415 3650 670 3745 unnsquisque
699 3649 843 3745 fingere
875 3656 1009 3749 possit.
1066 3655 1129 3728 An
1159 3679 1230 3750 quo
1264 3659 1372 3731 vultu

265 3777 376 3862 pater
401 3764 598 3872 sacrificio
619 3763 807 3839 adiueriti
839 3765 893 3842 At
910 3791 987 3839 non
1005 3791 1119 3863 posse
1137 3769 1261 3860 illum,
1287 3775 1372 3844 sub·

266 3883 436 3972 missum,
463 3880 624 3954 fractum
650 3879 795 3970 dolore,
820 3883 1016 3954 contusum
1043 3885 1188 3977 pudore
1214 3909 1260 3957 ac
1283 3909 1371 3980 poc·

265 3997 450 4086 nitentia,
481 3993 637 4083 adesse,
666 3994 823 4088 quilibet
846 3997 1037 4090 intelligit.
1092 3995 1154 4070 An
1181 4002 1368 4092 quomodo

267 4111 358 4197 dea,
385 4133 498 4184 cerva
523 4104 742 4196 substituta,
772 4111 960 4206 virginem
984 4115 1195 4186 servaverit
1219 4123 1257 4186 et
1281 4137 1371 4210 qoo-

209 4303 212 4312 ,
266 4227 382 4298 modo
420 4229 548 4300 statim
573 4217 736 4322 peracto
772 4225 985 4314 sacrificio,
1030 4227 1156 4298 ventis
1191 4230 1371 4302 secundis

268 4341 388 4428 ortis,
426 4341 600 4434 proiecta
630 4335 869 4414 sitclassisi
913 4337 968 4412 At
992 4322 1118 4433 aptius
1147 4349 1186 4412 et
1212 4341 1309 4416 haec
1333 4353 1373 4416 et

161 4442 164 4450 ’
242 4445 434 4550 ¹reliqua,
460 4477 557 4550 quac
583 4441 646 4526 ve'l
674 4453 994 4528 adiudicandum
1020 4455 1185 4530 futuram
1208 4459 1371 4554 virginis
