3032 5054
551 207 849 416 ..m

231 552 234 574 '
268 552 483 646 Polyxena,
508 556 566 641 nt,
593 573 676 626 cunr
701 553 796 626 haec
821 525 919 625 mori
943 576 1016 625 nou
1034 503 1201 644 recuset,
1225 553 1294 627 illa
1312 556 1372 628 'ni-

267 670 324 742 hil
348 670 417 740 tali
442 679 561 740 morte
585 669 740 741 felicius
766 672 840 742 eibi
873 671 1091 763 contingere
1115 691 1231 762 posse
1256 679 1371 762 putet.

178 855 185 862 ,
269 783 385 864 Quod
417 785 536 870 euim,
569 792 626 855 tot
655 784 749 856 viris
768 785 942 856 *fortibus
972 787 1042 878 pro
1074 786 1219 877 patriae
1251 789 1373 859 solute

266 902 384 972 uitam
410 900 689 986 obferentibus,
719 899 863 971 semina
888 899 1020 973 horum
1045 899 1193 970 laudem
1220 921 1372 992 superu-

266 1020 352 1086 tura
377 1015 445 1100 sit,
485 1036 599 1106 supra
623 1022 794 1085 naturam
820 1035 928 1086 suum
953 1014 1037 1085 tolli
1069 1022 1107 1086 et
1129 1026 1251 1106 paeda
1284 1017 1372 1086 deo·-

90 1187 91 1197 ,
230 1189 245 1202 .
266 1149 350 1201 rum
383 1126 564 1200 honorem
600 1123 762 1220 'aequare
792 1129 865 1199 sibi
899 1129 1071 1200 videtur?
1108 1128 1192 1200 Hac
1225 1132 1373 1230 ratione
1425 1219 1432 1230 ,

136 1269 138 1273 ·
268 1243 451 1331 efficitur,
477 1251 537 1332 ut,
563 1243 813 1314 admiratione
834 1243 985 1314 virtutis
1005 1246 1170 1342 abrepti,
1196 1247 1372 1335 uonjam

224 1415 230 1432 „
266 1359 459 1452 possimos
486 1359 532 1426 de
552 1357 732 1426 sacrificii
752 1359 977 1428 crudelitate
998 1360 1187 1451 cogitare:
1212 1359 1252 1430 id
1273 1362 1373 1452 quod

195 1543 201 1556 ,
268 1471 550 1567 sapientissime
575 1471 788 1542 institutum
812 1479 871 1543 est
896 1493 919 1541 a
944 1483 1067 1564 poeta.
1115 1471 1247 1566 Neque
1273 1475 1373 1546 enlm
1429 1543 1435 1548 .

243 1587 554 1678 crudelissimae
596 1587 654 1660 rei
690 1587 931 1678 praeparatio
969 1585 1079 1667 aliter
1118 1587 1302 1658 occultari
1336 1596 1374 1659 et

134 1733 174 1768 .·
265 1723 318 1772 ex
350 1702 472 1772 oculis
506 1703 615 1794 quasi
647 1703 835 1772 removeri
868 1701 1009 1791 potuit,
1050 1723 1161 1794 quam
1189 1707 1374 1774 summam

264 1815 490 1888 interiturae
515 1815 738 1888 felicitatem
760 1814 1085 1906 contemplandam
1104 1818 1372 1923 proponend03

61 2009 66 2030 ἱ
187 1939 188 1944 ’
265 1938 386 2023 neque
421 1919 592 2021 ipsoium
634 1936 890 2021 spectatorum
929 1931 1044 2000 animi
1076 1939 1217 2002 tautam
1257 1934 1381 2030 sortis,

267 2045 502 2119 atrocitatem
548 2044 885 2116 innocentissimae
926 2043 1088 2136 virginis
1131 2041 1373 2134 sustinerent,

218 2209 221 2216 ·
266 2161 342 2232 nisi
366 2160 452 2252 ipsa
476 2147 681 2252 Iphigenia
706 2157 903 2236 altitudine
931 2157 1078 2230 excelsi
1096 2161 1213 2230 animi
1237 2181 1278 2231 se
1296 2161 1372 2232 ἴοι·-
1507 2221 1508 2244 ,

140 2319 144 2338 ,
265 2284 358 2347 tuna
382 2253 566 2365 majorem
591 2295 677 2344 esse
702 2275 929 2345 ostenderet.
1341 2275 1342 2280 ’

139 2368 145 2400 ’
364 2387 478 2486 Quod
503 2387 785 2473 falsarius‚=ne
821 2388 914 2457 deus
945 2386 1082 2479 aliquis
1114 2387 1372 2478 interveniret,

267 2495 438 2588 curavit,
463 2501 506 2570 id
531 2521 607 2570 non
631 2508 791 2587 temere,
818 2499 886 2572 sed
908 2499 1057 2571 rationo
1081 2499 1208 2595 aliqua
1231 2501 1372 2575 fecisse

39 2645 42 2654 ·
147 2609 177 2696 ““,
267 2614 449 2685 videtur·
478 2610 605 2684 Tenet
622 2614 721 2684 enim
739 2613 1019 2719 bodic·quoque
1038 2613 1180 2708 opinio,
1206 2617 1373 2690 faciliori

7 2755 8 2762 ¹
84 2787 87 2800 .
137 2821 140 2830 ¹
266 2731 421 2821 negotio
437 2733 479 2799 ut
494 2727 618 2798 nodos
633 2727 846 2821 expediret,
866 2729 1021 2804 deorum
1035 2730 1248 2804 interuentu
1263 2755 1372 2805 usum

266 2863 354 2914 esse
378 2840 618 2936 Euripidem,
644 2863 754 2935 quam
780 2842 997 2935 opinionem
1021 2844 1159 2916 falsam
1185 2869 1282 2933 esse,
1307 2847 1371 2919 vel
1507 2883 1508 2890 κ

208 2951 212 2958 ’
266 2977 319 3029 ex
360 2957 446 3028 sola
486 2955 691 3049 Iphigenia
728 2955 899 3028 Taurica
941 2958 1191 3032 demonstrari
1233 2967 1395 3053 potesu‘

144 3105 149 3112 ·
192 3053 195 3064 ⁸
265 3068 367 3142 Nam
391 3072 467 3158 ibi,
499 3071 612 3142 rebus
639 3071 1129 3164 omnibusjumexpedltis
1155 3076 1264 3146 etad
1293 3077 1372 3146 exi·

266 3194 345 3258 tum
370 3185 586 3276 perductis,
610 3191 652 3256 ut
676 3183 769 3256 deus
795 3186 974 3258 arcessiri
991 3190 1141 3279 possit,
1172 3211 1274 3260 nova
1300 3190 1371 3260 dif—
1507 3203 1508 3266 j

266 3299 638 3370 ficubus—ventorum
661 3298 858 3391 iniquitate
882 3299 1054 3373 infertur.
1097 3299 1193 3372 Tum
1213 3303 1259 3391 sl,
1285 3325 1372 3398 qua-

265 3433 349 3484 rum
372 3411 461 3516 linis
487 3411 558 3482 deo
585 3420 701 3499 caret,
726 3413 878 3486 tabutas
900 3414 1156 3503 examinabis,
1180 3417 1307 3488 inesse
1332 3419 1372 3490 in

268 3545 493 3618 unaquaque
518 3549 588 3615 ea,
614 3549 664 3598 ex
689 3529 822 3620 quibus
846 3527 1098 3622 intelligatur,
1126 3530 1214 3622 quid
1237 3540 1373 3623 postea

265 3637 433 3710 futurum
457 3641 526 3728 sit,
550 3640 734 3714 iuvenies.
781 3641 859 3714 Aut
883 3645 983 3714 euim
1007 3643 1181 3736 prologo,
1205 3635 1247 3716 id
1272 3648 1373 3738 quod

267 3751 310 3830 fit
341 3753 385 3822 in
416 3750 648 3844 Troadibus,
681 3757 805 3831 tsimnl
838 3766 876 3829 ct
909 3757 1039 3848 priora
1080 3765 1118 3828 et
1158 3762 1373 3850 posteriora

268 3867 533 3956 ostenduntur,
568 3877 632 3942 aut
663 3873 818 3966 oracula
842 3882 1052 3964 opportune
1078 3877 1379 3944 commemoram

254 3988 347 4070 tur,
372 3982 538 4053 velutin
564 3980 790 4056 Phoenissis
817 3994 855 4056 et
879 3984 1116 4074 Heraclidis,
1155 3995 1219 4058 aut
1242 4009 1372 4078 perso-

267 4095 328 4168 nis
352 4094 471 4187 ipsis,
496 4103 537 4168 ut
553 4095 714 4202 Medeae
742 4107 780 4170 et
797 4097 985 4170 Hecubae*
1002 4101 1201 4188 morienti,
1218 4101 1372 4172 'divina-

268 4208 383 4282 tionis
408 4211 667 4304 quaedamvis
693 4213 811 4299 inest,
837 4213 1079 4308 autdeuiquc
1102 4215 1372 4306 sponsionibus

267 4319 472 4397 amicorum
505 4328 759 4420 quorundam,
791 4332 833 4398 nt
864 4325 1010 4400 Thesei
1043 4328 1084 4398 in
1117 4327 1283 4401 Hercule
1315 4328 1374 4416 F,

162 4468 194 4552 ·,
265 4437 444 4538 Herculis
469 4440 511 4512 iu
527 4441 748 4528 Alcestidc,
774 4441 822 4512 de
845 4439 985 4516 laturis
1009 4439 1222 4521 edocemur·
1257 4442 1375 4518 Talia
