3032 5054
619 425 622 436 ,
770 301 856 394 sao

376 534 510 635 κρήνην
534 535 780 632 ἀναψύχουσι
803 535 996 622 θηλύπουν
1018 535 1154 638 pace,

339 638 495 726 αὐταί
519 675 562 720 τε
587 647 761 722 πῶλοί’
726 665 772 722 τ·
798 653 833 735 ες
858 645 897 724 δὲ
880 648 1102 744 ἐλειμώνιιν
1125 653 1242 751 χλόην

253 759 329 834 415
376 767 553 856 καθεῖμεν
579 763 717 850 αὐτὰς,
743 767 855 849 deo
810 765 855 864 βο
858 770 923 868 ρᾶς
947 765 1162 858 γευσαίατο.
1251 833 1253 841 ,

376 880 466 974 ἐγὼ
469 873 508 952 δὲ
491 872 739 977 ἐπρόδρομος
765 883 831 964 σῆς
854 887 1087 980 παρασκευῆς
1112 881 1227 981 χάριν

374 987 458 1077 deo.
487 987 743 1066 peceaverat
727 993 994 1094 ὲστρατὸς-
1021 1003 1162 1093 ταχεῖα
1187 997 1276 1104 γᾲρ

262 1205 263 1216 ¹
377 1099 475 1206 διρξε
500 1110 656 1204 φήμη-’-
682 1101 803 1180 παῖδα
828 1107 896 1194 σὴν
919 1109 1135 1210 ἀφιγμένην.
1237 1185 1243 1198 ,

371 1229 443 1306 πᾶς
469 1217 543 1296 δ’ἐ
525 1223 560 1304 ἐς
584 1219 632 1292 Sd
633 1247 679 1294 αν
701 1214 829 1312 ὅμιλος
852 1217 1007 1322 ἔρχεται
1032 1218 1167 1323 δρόμῳ,

250 1333 328 1406 dud
377 1337 446 1420 σὴν
471 1329 572 1408 παιδί
597 1329 692 1418 ὅπως
717 1329 918 1407 ίδασιν·οἱ
943 1330 973 1408 δ’
998 1331 1209 1429 εὐδαίμονες

370 1453 530 1525 ε’νπᾶσι
553 1447 688 1520 κλεινοὶ
713 1445 775 1519 καί
798 1445 1037 1548 περίβλεπτοι
1060 1438 1221 1550 βροτοῖς.

317 1601 322 1616 1
370 1563 520 1656 λέγουσι
546 1556 585 1635 δ“·
610 1560 780 1656 ὐμένοιιός
804 1587 882 1648 τις,
915 1557 934 1647 ἢ
960 1561 999 1634 τί
1023 1565 1261 1665 προίσσεταις

339 1693 342 1700 ’
374 1673 394 1766 ἢ
419 1677 541 1750 πόθον
564 1671 661 1776 ἔχων
684 1674 871 1778 θυγατρὸς
894 1677 1129 1770 Ἀγαμέμνων
1153 1673 1245 1765 ι’ίναξ

321 1797 326 1810 ’
372 1793 522 1883 ἐκόμισε
548 1783 689 1879 παῖδας
723 1795 795 1864 τῶν
820 1785 849 1863 δ’
874 1781 922 1864 σίν
946 1787 1104 1876 ἤκουσας
1129 1789 1232 1868 τάδε·
1282 1877 1288 1894 ρ

248 1903 323 1982 425
367 1901 564 2006 ’Ἀρτέμιδι
587 1902 844 2005 προτελίζουσι
868 1906 936 1992 τὴν
960 1901 1123 1994 νεανίδα,

367 2015 523 2107 Αὐλίδος
548 2020 707 2122 ἀνάσσῃ.
733 2022 790 2104 τίς
817 2047 874 2096 νιν
899 2016 1031 2109 ἄξεταί
1054 2046 1165 2110 aeas,-

249 2237 457 2256 *Δ

323 2371 350 2414 v.
360 2351 429 2411 414.
457 2349 521 2412 Aid.
543 2349 649 2415 αὐταί
670 2373 708 2415 τι
728 2349 832 2414 πῶλοί
852 2350 892 2433 γ’.

324 2469 351 2512 v.
362 2450 431 2510 417.
461 2451 647 2510 scribebatur
662 2447 836 2511 πέπυσται
847 2447 910 2532 γὰρ
923 2446 1085 2527 στρατὸς,
1107 2455 1230 2530 ταχεῖα
1246 2442 1279 2508 δὲ
1289 2451 1359 2520 eta,

242 2548 324 2629 'enjus
346 2548 503 2629 scripturae
525 2547 729 2609 absurditatem
751 2547 876 2622 ostendit
897 2547 932 2608 L.
944 2547 1124 2621 Diodoriias,
1144 2546 1268 2608 facetam
1285 2565 1356 2607 ease

241 2635 352 2718 diceas',
373 2646 411 2720 ai,
434 2646 508 2726 quod
521 2647 670 2710 advenisse
686 2647 861 2731 Iphigeniam
881 2647 1027 2712 exereitus
1048 2646 1233 2710 inaudiviaaet
1254 2653 1285 2706 et
1300 2665 1357 2726 per

240 2751 304 2805 totu
326 2753 423 2806 eastra
443 2747 480 2806 ad
502 2767 564 2807 earn
585 2758 783 2821 concurreret,
810 2749 879 2820 ideo¹
896 2747 1102 2831 Agamemnoni
1127 2747 1267 2810 adventas
1288 2746 1355 2826 ejas

240 2843 410 2906 nuntiandas
432 2845 550 2919 faiseet3
583 2846 630 2907 siu
645 2847 674 2907 id
695 2855 825 2909 curasset
846 2849 975 2922 nautius,
996 2869 1032 2909 ne
1053 2847 1127 2928 patri
1148 2848 1287 2927 imparato
1306 2863 1353 2906 su·

240 2945 402 3026 perueniret
423 2945 584 3028 iphigenia,
613 2947 649 3007 ad
670 2965 754 3032 quam
774 2947 923 3010 videndam
945 2948 1094 3012 uniuersas
1119 2948 1178 3029 jam
1206 2943 1353 3006 exereitus

238 3045 361 3124 undique
383 3047 586 3118 concurrisset,
608 3047 661 3107 boe
682 3047 833 3107 iiiomulto
850 3047 935 3108 etiam
956 3049 1103 3108 absurdior
1123 3065 1198 3108 esse.
1240 3043 1352 3106 Nullius
1393 3045 1407 3058 '
1513 3045 1514 3102 ζ

238 3145 372 3207 momenti
388 3151 448 3218 est,
470 3145 544 3224 qaod
562 3153 662 3207 eontra
678 3144 749 3208 baoe
765 3147 945 3208 ii'ermannas
959 3149 1079 3220 monuit,
1100 3163 1157 3206 noa
1177 3145 1231 3204 boe
1250 3144 1351 3225 egisse

182 3263 184 3274 ·
237 3245 375 3318 nantium,
396 3251 428 3304 at
449 3242 690 3326 Agamemnonem
712 3246 739 3306 in
757 3247 910 3318 adrentum
932 3245 1009 3308 filiae
1031 3251 1229 3328 praepararet,
1251 3241 1302 3302 sed
1316 3249 1350 3302 ut

236 3351 407 3422 pararentur
428 3344 464 3404 ab
478 3342 693 3426 Agamemnone
709 3362 783 3425 quae
804 3343 858 3405 rite
880 3345 1066 3428 excipiendae
1087 3341 1190 3424 virgini
1209 3349 1349 3421 nupturae
1410 3333 1415 3358 ¹

236 3440 300 3503 fieri
327 3451 483 3525 oporteret.
530 3444 639 3513 Eodem
668 3443 741 3506 enim
767 3445 840 3510 cedit
867 3453 1025 3526 utrumque.
1071 3440 1246 3506 Emendabit
1273 3441 1349 3502 aian

236 3541 349 3604 codices
376 3542 430 3624 ipsi
451 3551 624 3617 monstrant,
654 3563 718 3605 nem
743 3544 771 3606 in
798 3543 874 3604 Flor.
893 3545 920 3604 1.
935 3546 962 3604 2.
990 3553 1020 3606 et
1040 3544 1111 3606 Viot.
1139 3551 1262 3634 ταχεῖα
1283 3539 1348 3622 γὰρ

235 3641 369 3722 seriptum
390 3642 538 3705 invenitur.
578 3645 657 3706 Tam
677 3643 784 3723 optime
805 3643 840 3704 de
857 3643 994 3724 Euripide
1014 3643 1116 3705 meruit
1135 3641 1209 3706 idem
1227 3639 1348 3704 Diodor-

233 3738 304 3816 tius,
326 3741 401 3822 qaod
421 3762 473 3822 pro
493 3743 709 3824 interpositione
728 3741 858 3804 babendo
871 3762 938 3804 esse
959 3743 1047 3804 verba
1065 3753 1187 3824 ταχεῖα
1205 3741 1239 3806 δὲ
1255 3741 1346 3825 διῇξε

232 3841 322 3924 φήμη
343 3849 375 3902 et
394 3844 577 3906 accusativae
597 3845 706 3906 moade
728 3841 788 3917 σὴν
817 3842 1002 3926 ἀφιγμένην
1023 3861 1042 3903 a
1062 3842 1150 3906 verbo
1170 3845 1346 3908 πέπυσται

230 3941 355 4022 pendere
377 3928 483 4002 docuit.

312 4036 422 4103 v..418
464 4040 648 4102 scribebatur
676 4041 773 4119 διῇξε.
809 4039 980 4104 Emendavit
1005 4038 1087 4102 Aen.
1107 4041 1231 4116 Portae,
1260 4059 1344 4124 queat

230 4147 367 4220 sequutus
387 4146 435 4200 est
456 4141 647 4202 Marklandua.

309 4237 427 4301 adad.
468 4237 881 4324 ΡοΙΙυκ11138.ήᾶὲπρλ
903 4239 1013 4325 γάμου
1035 4241 1140 4304 θυσία
1161 4239 1342 4319 προτέλεια

229 4337 286 4399 καί
300 4337 499 4422 προγάμεια.
527 4363 615 4403 ουτω
631 4338 698 4401 δ’
673 4361 718 4406 αν
734 4343 876 4432 euboeae
892 4342 950 4404 καὶ
971 4342 1017 4406 τὰ
1035 4341 1098 4422 πρὸ
1120 4339 1228 4422 γείμου
1245 4339 1341 4422 δῶρα.

226 4439 467 4519 αρυτιλεῑσθαι
490 4437 584 4502 δὲλ
549 4441 584 4504 ὲλ
587 4436 702 4522 ίγυντο
726 4445 764 4505 od
787 4439 888 4521 paduae
909 4445 947 4503 ari
967 4443 1098 4525 νύμφαι
1118 4437 1207 4504 ἀλλὰ
1229 4441 1288 4502 eat
1310 4443 1341 4503 oi
