3032 5054
780 307 836 410 ii

253 549 296 624 id
321 548 423 647 quod
444 549 585 629 eccidit
604 550 716 646 quum
743 551 835 635 alibi
850 558 933 625 tum
954 547 996 623 iu
1019 549 1193 624 versibus
1207 548 1360 629 1425-

253 669 363 740 loeo.
420 665 626 760 Suspicor,
660 665 930 768 scholasticum
962 667 1125 762 aliquem
1155 652 1360 758 bominem,

251 782 426 854 versibus
450 780 685 854 fabricandis
709 783 928 872 intentum·
947 799 1033 853 cum
1068 765 1166 854 bauo
1191 781 1360 854 fabulam

251 919 323 992 pro
349 897 508 1006 materie
532 891 770 968 tractandam
806 901 1034 1013 sumsisset,¹
1057 917 1127 969 sua
1156 897 1359 989 partimin

250 1013 423 1106 margine
447 1012 609 1086 codicis·
628 1009 767 1106 partim
783 1011 891 1084 -iuter
923 1015 1050 1086 lineos
1085 1011 1357 1116 adscripsisse:

251 1127 316 1222 qui
349 1129 475 1201 codex
513 1149 625 1222 quum
659 1134 815 1221 postes·
836 1129 1142 1218 describeretur,
1179 1124 1357 1198 librarius

129 1283 132 1288 v
205 1269 210 1278 ’
249 1243 416 1338 genuina
440 1263 464 1314 a
486 1242 627 1337 spuriis
657 1263 742 1314 uon·
767 1242 942 1338 dignavit
967 1235 1012 1316 'et
1043 1245 1156 1318 modo
1186 1237 1357 1318 retinens

247 1364 407 1452 utraque
430 1360 544 1432 modo
567 1359 1192 1460 alterutro·omitteus‘promiscue
1216 1359 1355 1434 retulit.

92 1525 99 1538 .
247 1469 349 1548 Hinc
362 1470 598 1569 intelligitur,
618 1475 804 1569 quomodo
818 1473 959 1546 iactum
982 1475 1043 1564 sit,
1061 1483 1104 1547 ut
1117 1475 1356 1571 gravissimis

247 1587 401 1682 injuriis
418 1589 643 1682 praesertim
662 1597 700 1662 et
717 1579 865 1660 initium
883 1591 1105 1684 tragoediae
1124 1597 1163 1662 et
1186 1589 1272 1666 tiuis
1297 1591 1355 1664 af·

247 1702 469 1777 ficerentur:
496 1706 641 1801 quippe
665 1705 798 1777 veouis
824 1705 960 1798 spatiis
985 1704 1143 1792 oblatis,
1170 1705 1354 1778 treusior-

203 1855 210 1862 -
246 1813 531 1894 marmoreum
553 1819 710 1892 liberius
742 1819 965 1914 indulgebat
995 1820 1201 1892 versiiext·
1224 1820 1287 1914 qui
1319 1823 1376 1894 si·

246 1933 347 2007 forte
385 1941 520 2008 nactus
557 1942 639 2008 eret
679 1935 850 2008 codicem
877 1933 962 2010 'tine
995 1943 1225 2022 truncatum,
1268 1957 1353 2008 cum

246 2048 373 2121 scribe
398 2047 578 2122 desiisset
594 2049 761 2128 scribene
780 2049 1001 2144 priusquam
1022 2049 1254 2122 absolvisset
1277 2055 1353 2121 tra-

245 2166 422 2260 goediam
444 2145 569 2259 (quae
607 2165 922 2256 est·conjectura
951 2151 1201 2258 Hermunui),
1238 2163 1354 2236 etiam

245 2279 454 2372 adiuvandi
480 2276 651 2372 'quodem
681 2277 807 2351 studio
843 2277 895 2350 sd
924 2279 1229 2372 interpolaudum
1257 2277 1352 2380 iuci-

245 2395 407 2466 tabatur.
454 2389 651 2464 Extremis
677 2399 802 2464 autem
826 2394 1058 2486 temporibus
1082 2393 1241 2464 inlatam
1266 2411 1352 2464 esse

245 2509 442 2596 damnum,
461 2499 570 2578 ‘iude
600 2507 846 2598 perspicitur,
881 2509 982 2602 quod
1015 2507 1223 2602 quicunque
1249 2507 1352 2599 apud

120 2687 125 2712 ,
244 2620 510 2708 Plutarchum,
552 2619 776 2708 stobaeum,
809 2617 1060 2713 Clementem,
1095 2619 1351 2716 Theophilum

243 2737 417 2831 aliosque
441 2743 642 2808 servantur
665 2755 716 2808 ex
741 2735 814 2810 hec
838 2738 1037 2830 tragoedia
1056 2736 1244 2828 depromti
1265 2759 1349 2808 uer-

211 2891 214 2908 ·
243 2871 327 2938 sus,
362 2851 446 2922 fere
470 2871 602 2952 omnes
625 2852 766 2936 rectius
791 2851 982 2944 ibiquam
1006 2836 1181 2922 inlibris
1216 2849 1350 2943 scripti
1417 2889 1424 2902 ι

237 2965 504 3040 inveniuntur:
530 2966 578 3036 de
597 2985 669 3058 qua
685 2987 727 3036 re
746 2959 881 3037 ¹statim
901 2967 1115 3037 accuratius
1136 2965 1350 3059 exposituri

187 3142 189 3154 .
244 3101 384 3153 sumus.
443 3078 656 3152 Barbarum
690 3103 805 3173 perro
838 3081 959 3152 fuisse
1001 3079 1204 3166 hominem¹
1231 3079 1350 3150 false-

241 3197 339 3268 rium
368 3195 459 3266 iude
484 3199 605 3287 petet,
645 3195 745 3288 qood
777 3194 872 3266 eolis
905 3195 1125 3270 accentibus
1159 3192 1349 3276 interdum

244 3312 437 3382 dimensus
462 3315 522 3379 est
540 3329 690 3395 cereus,
715 3310 755 3380 id
776 3310 874 3403 quod
896 3310 976 3401 jam
995 3305 1226 3380 Matthioeus
1242 3315 1350 3379 uota·

241 3425 318 3496 viti
341 3423 588 3512 christianum
606 3424 741 3512 fuisse,
765 3426 868 3496 idem
889 3421 1077 3496 conclusit
1092 3445 1143 3494 ex
1164 3443 1222 3512 eo,
1248 3424 1350 3516 quod

240 3539 282 3609 in
307 3545 446 3610 terram
472 3537 589 3629 dejici
614 3535 746 3610 oculos
773 3561 796 3609 a
819 3523 1063 3631 presentibus
1087 3537 1200 3628 fecit,
1237 3557 1349 3630 quum

242 3655 293 3725 ad
324 3652 470 3734 coelum
506 3650 641 3723 tollere
678 3651 848 3747 gentiles·
874 3655 1196 3724 consuevissenc·
1221 3649 1349 3740 Hone-

242 3769 338 3840 stius
360 3768 618 3860 judicium-de
639 3767 710 3838 illo
745 3769 888 3838 facturn
923 3768 969 3836 ab
995 3764 1213 3837 Hermanno
1248 3764 1347 3836 scio:

241 3884 310 3954 sed
334 3881 428 3953 iecit
455 3881 605 3954 seilicet
627 3883 707 3971 ita5
735 3891 776 3953 ut
805 3879 1188 3973 pessimos'quosque
1213 3899 1347 3951 versus
1407 3954 1409 3965 ,

239 4017 315 4067 nou
342 3999 579 4068 emendando
605 3987 675 4069 s'ed
700 3995 1005 4066 transformando
1029 3995 1069 4064 in
1088 3993 1222 4065 meiius
1240 3991 1349 4064 resti·

240 4117 382 4188 tuerer·
407 4109 656 4204 Audivipsios
672 4103 813 4182 verba:
847 4099 1261 4200 ,',12ibrariorumatque
1279 4105 1349 4177 aii·

149 4230 154 4238 '
240 4225 327 4297 cubi
361 4227 476 4312 etiem
512 4225 691 4296 recentis¹
713 4225 876 4315 alicujus
912 4224 1062 4296 metrici
1090 4223 1159 4294 illa
1187 4226 1348 4313 peccata

239 4361 345 4428 esse,
370 4339 582 4411 lucelenter
606 4359 720 4411 exeo
742 4348 918 4430 apparet,
946 4339 1047 4433 quod
1064 4336 1251 4409 interdum
1269 4339 1347 4405 tom

237 4460 490 4554 magnasunt
514 4460 626 4548 atque
650 4454 851 4542 immanior,
874 4459 918 4528 ut
941 4466 1098 4547 prorsas
1122 4447 1346 4522 incredibile
