3032 5054
683 316 951 406 85,ἱ

159 541 317 622 nitatem
348 530 611 642 perspicuitati
642 571 785 636 rerum,
820 549 854 619 si
877 548 996 622 ferret
1019 552 1130 637 usus,
1162 558 1264 642 post·
1299 559 1303 568 ”
1377 573 1380 585 ·

159 666 325 758 positam
348 666 396 754 ab
423 687 468 734 co
505 667 612 750 esse,
645 657 878 758 cognoscere
903 665 1004 737 licet.
1055 664 1142 736 Hoc
1171 683 1263 736 vero
1375 723 1385 741 t
1488 665 1490 678 '

159 779 246 849 loco
272 801 339 850 cur
364 781 410 848 ab
435 759 609 872 instituto
632 781 780 851 ratione
804 780 1027 866 recesserit,
1060 763 1138 851 nisi
1161 779 1262 854 forte

51 949 58 964 .
160 916 245 964 enm
261 916 362 964 novo
381 903 593 980 sectantem
604 881 926 984 deteriora-,saepe
942 893 1158 985 amplexum
1176 915 1264 975 essa

65 1043 68 1046 ·
158 1008 412 1106 injustissime
436 1003 630 1078 criminari
655 1031 740 1077 cum
758 1006 975 1091 Hermanno
1001 1009 1124 1096 lubet,
1148 1009 1263 1100 place

158 1121 452 1195 nihil·inveniri
475 1131 611 1214 potest.
662 1120 752 1192 Noli
787 1123 903 1214 igitur
934 1124 1031 1216 quod
1057 1121 1262 1213 interpola·

159 1245 220 1307 tor
249 1218 424 1328 peccavit
457 1239 643 1327 imputare
670 1236 827 1306 auctori.
882 1235 1263 1328 llle'enimsquum,
1407 1315 1411 1320 ,

76 1415 82 1424 .
160 1353 260 1444 quud
283 1361 496 1422 nostrorum
524 1375 669 1444 quoquc
699 1349 894 1422 hominum
921 1373 1004 1452 uon(
1030 1372 1172 1450 paucos
1204 1351 1262 1420 fa·
1368 1377 1375 1396 .,

159 1457 255 1538 cere
271 1454 405 1551 video,
439 1467 621 1558 prologos
645 1456 896 1556 improbaret,
931 1464 1121 1538 vilissima
1146 1488 1267 1558 opera·

158 1581 327 1673 jambos,
351 1583 512 1652 resectis
536 1582 733 1672 utrimque¹
747 1601 822 1650 uno
848 1581 1018 1654 alterove
1042 1602 1155 1652 uersu
1179 1581 1263 1652 sub·
1364 1659 1367 1666 ,

161 1697 377 1788 stitutisque
402 1698 513 1765 novis
545 1696 787 1787 quibusdam,
822 1695 923 1769 intra
953 1703 1182 1795 anapaestos
1206 1717 1263 1764 re·
1353 1719 1356 1722 ·
1389 1737 1393 1744 -

161 1811 294 1898 trusit,
325 1817 436 1901 atque
461 1811 516 1897 ei,
550 1831 622 1901 quo
648 1831 747 1878 nunc
770 1809 1078 1900 leguntur'loco,
1109 1801 1264 1900 aptavit.

161 1924 423 2016 Quanquam·
439 1931 561 2014 utrum
596 1943 681 1992 eam
711 1922 969 2014 corruptelam
998 1925 1082 2014 ipse
1113 1923 1286 2010 fecerit,
1347 1931 1350 1939 '

160 2061 209 2112 an
233 2058 371 2111 caussa
396 2039 593 2110 dumtaxat
618 2039 700 2127 ejus
723 2035 924 2106 faciendae
947 2037 1035 2124 illa,
1066 2059 1139 2130 qua
1164 2038 1262 2108 dixi·

157 2175 256 2242 mus,
280 2153 428 2224 ratione
446 2151 572 2238 suerit,
593 2151 757 2222 dubitari
777 2160 912 2242 potest.
951 2149 1031 2222 'Per
1048 2152 1148 2220 enim
1162 2151 1263 2221 intra

160 2270 303 2360 primos
330 2267 599 2362 quinquaginta
623 2286 756 2337 versus
781 2255 982 2338 verborum
1007 2266 1100 2336 ordo
1122 2272 1262 2336 temere

159 2383 336 2454 inversus
360 2381 603 2472 turbatusque
630 2387 706 2466 est,
740 2401 812 2472 qua
835 2380 876 2452 in
899 2403 942 2450 re
965 2379 1108 2452 nullum
1140 2379 1262 2454 consi·

81 2564 87 2574 .
137 2498 271 2584 lium,
296 2498 363 2566 scd
390 2496 474 2568 solu
491 2495 657 2581 codicis,
683 2515 707 2564 a
731 2515 803 2586 quo
822 2495 958 2588 reliqui
975 2493 1139 2586 profecti
1163 2501 1261 2582 sunt,

160 2611 656 2704 corruptioscribarumque
681 2630 787 2680 error
811 2596 1054 2702 conspicitur.

43 2807 47 2818 ,
256 2723 319 2798 Ad
345 2724 456 2796 finem
481 2725 528 2794 ab
554 2722 715 2792 exordio
736 2723 1086 2810 fabulaetransec,
1114 2724 1176 2815 qui
1192 2717 1261 2794 uti·

106 2823 111 2854 ⁸
159 2861 247 2936 nam
261 2839 494 2920 deformatus
506 2845 662 2934 tanturn,
682 2860 728 2908 ac
739 2854 815 2908 non
830 2839 942 2910 etiam
950 2844 1143 2910 truncatus
1153 2838 1260 2920 muti-

78 3046 80 3052 Ι
137 2957 333 3046 -lotnsquc
351 2961 468 3038 esset,
491 2951 627 3024 recisis
644 2951 854 3043 deletisque
866 2949 969 3024 haud
987 2935 1139 3044 exiguis
1155 2953 1262 3025 fabu-
1368 3041 1371 3050 ¹

160 3071 221 3142 lae
242 3067 422 3162 partibus.
453 3064 592 3138 Deleta
608 3080 732 3138 autem
753 3075 811 3136 est
826 3065 976 3141 Dianae
993 3067 1126 3152 oratio,
1153 3068 1261 3157 qu'us
1353 3053 1364 3069 ’

160 3185 410 3278 fragmentum
436 3182 640 3252 admodum
670 3179 900 3256 luculentum
934 3181 1035 3272 apud
1059 3180 1262 3254 Aelianum

162 3305 352 3384 servatur„
382 3295 651 3386 interpolatum
675 3302 800 3368 autem
824 3295 1068 3388 vitiatumque
1101 3302 1159 3365 est
1182 3318 1261 3366 car·
1346 3281 1350 3298 ’

102 3439 105 3446 ·
162 3435 261 3499 men,
286 3411 387 3503 quod
400 3407 613 3501 Iphigenia,
638 3431 723 3482 cum
742 3411 792 3482 od
804 3418 962 3490 mortem
979 3409 1154 3498 discedit,
1172 3433 1261 3500 ¹cum

125 3521 127 3528 ’
163 3527 279 3598 choro
313 3526 507 3597 alternans
542 3524 655 3596 canit.
720 3519 839 3615 Cujus
876 3524 1016 3604 cantici
1053 3523 1149 3606 haec
1189 3523 1269 3597 tuit

148 3643 280 3726 ratio,
312 3648 355 3710 ut
380 3637 536 3722 alternis
562 3635 729 3730 strophis
752 3637 861 3732 virgo
887 3641 1070 3734 praeiret,
1105 3639 1262 3712 alternis
1306 3645 1315 3664 ‘

164 3751 418 3844 antistropha?
435 3752 574 3832 chorus
607 3751 824 3828 succineret
840 3753 916 3840 sic,
949 3761 991 3824 ut
1014 3753 1175 3839 uomina=
1198 3777 1263 3826 no·
1306 3773 1309 3778 ·
1426 3809 1437 3827 ,

163 3866 328 3940 minibus
353 3873 392 3936 et
414 3889 477 3938 res
500 3868 612 3940 rebus
637 3889 759 3959 paene
785 3867 1032 3938 adamussim
1057 3871 1262 3960 responde·
1340 3944 1343 3950 ,

135 3988 258 4082 (rent.
316 3967 484 4050 Primum
515 3982 631 4074 igitur
666 3975 888 4067 alternatio,
925 3983 1092 4074 strophis
1123 3993 1263 4062 temera

163 4095 356 4180 confusis,
382 4094 530 4164 sublata
554 4103 628 4179 cst,
660 4095 875 4172 tumetium
902 4107 1178 4190 argumentum,
1210 4099 1262 4176 di·

163 4211 386 4284 versissima
398 4207 647 4280 immisceatis
659 4210 941 4302 interpolatoris
953 4213 1143 4299 vecordia,
1161 4213 1265 4282 adnl-
1320 4227 1322 4234 ’

165 4333 365 4396 teratum...
383 4319 483 4421 Nam
509 4345 620 4414 quum
643 4333 802 4396 mortem
815 4322 1037 4418 Iphigeniae
1061 4327 1112 4398 ad
1136 4326 1269 4418 imagi·
1375 4383 1382 4392 .
1455 4363 1462 4372 ·

51 4451 56 4461 ·
157 4459 254 4525 nem
278 4439 382 4529 eius,
418 4459 528 4530 quam
558 4439 698 4530 patitur
720 4437 938 4530 Polyxena,
973 4440 1266 4540 adumbrandam
