3032 5054
688 255 1215 361 4354«

609 617 611 624 -
702 575 932 670 soranos.

403 807 404 814 χ
867 719 894 798 ’ὦ
919 719 1274 815 neocaesareense

385 841 635 938 Ἀγάμεμνον,
661 839 730 928 ἥκω
754 836 874 912 παῖδά
901 867 963 912 σοι
987 842 1054 924 τὴν
1080 841 1147 926 σὴν
1171 835 1278 932 ἄγων,

385 951 447 1056 [ἢν
470 959 687 1064 Ἰφιγένειαν
712 951 900 1078 ὠνόμνιξας
927 961 965 1028 ἐν
991 945 1134 1050 δόμοις]
1227 1027 1230 1045 ⁴

228 1210 242 1322 Ι,
264 1235 424 1310 damnavit,
452 1237 507 1300 boc
527 1243 587 1308 cst,
617 1233 693 1314 quod
713 1234 800 1298 verba
820 1231 943 1294 Menelai
971 1229 1062 1292 medio
1088 1227 1165 1292 ferte
1188 1247 1273 1292 versu
1296 1227 1374 1288 ‹desi-

263 1337 363 1400 nentia
382 1335 496 1397 nuntias
516 1335 608 1396 modio
628 1334 714 1394 ctiam
734 1351 819 1395 versu
840 1332 989 1412 exciperet
1009 1349 1126 1409 eumque
1147 1330 1325 1398 absolueret,
1346 1327 1375 1387 id

121 1439 123 1454 '
153 1429 158 1451 ⁶
198 1481 200 1488 ,
264 1434 341 1518 qnod
366 1435 393 1494 in
420 1433 574 1516 tragoedia
598 1441 726 1494 ueterum
756 1431 909 1492 inauditum
939 1437 1027 1491 esset.
1075 1430 1172 1512 Digna
1199 1436 1262 1501 est,
1291 1447 1375 1507 quam

262 1540 429 1614 repetamus
451 1532 605 1594 Hermanni
626 1529 766 1592 defensio:
809 1517 976 1603 „profecta
995 1529 1100 1608 inquit,
1127 1530 1296 1588 inauditum:
1324 1527 1376 1590 scd

150 1663 171 1702 ·.
265 1633 296 1693 id
315 1652 372 1692 non
393 1632 486 1714 magis
505 1631 621 1704 mirum,
642 1649 725 1709 quarn
747 1629 820 1708 quod
841 1629 868 1690 in
890 1629 994 1690 ceteris
1015 1648 1085 1708 quas
1106 1629 1241 1690 babemus
1260 1637 1376 1710 tragoe-

246 1727 322 1791 'uiis
348 1731 464 1813 integro
490 1731 669 1826 aemulatae
698 1730 843 1792 orationes
869 1729 1012 1809 incipiunt.
1054 1731 1124 1792 llam
1152 1728 1248 1808 dispar
1272 1747 1378 1788 caussa

164 1839 172 1864 ‘
267 1838 329 1903 est,
358 1849 442 1912 quum
463 1830 508 1892 bic
528 1829 669 1891 festinans
690 1839 822 1892 accurrat
843 1849 960 1901 servus,
981 1837 1014 1889 ut
1041 1829 1190 1895 adventum
1211 1828 1376 1910 lplrigeoine

266 1929 394 1992 nuntiet:
415 1931 491 2010 quod
513 1939 613 2010 aperte
634 1951 670 1990 eo
688 1931 807 1992 consilio
828 1949 847 1990 a
867 1933 954 2010 poeta
973 1929 1131 1990 institutum
1153 1936 1213 1999 est,
1239 1936 1271 1986 ut
1292 1929 1377 1990 collo·

267 2030 327 2111 qaii
347 2030 673 2112 interdgamemnonem
696 2037 726 2090 et
739 2031 899 2090 Menelaum
921 2029 991 2096 alius
1010 2028 1147 2090 evaderet
1167 2029 1273 2097 exitus,
1294 2047 1378 2106 qoam

267 2131 317 2212 qui
338 2129 502 2211 exspectari
524 2131 654 2191 debebat.
695 2131 884 2210 Repentinum
903 2128 971 2188 illud
992 2147 1048 2207 quo
1074 2127 1166 2211 magis
1193 2127 1378 2200 clucesceret,

93 2269 95 2276 =
160 2221 164 2236 ’
268 2232 297 2292 ln
317 2233 410 2294 medio
431 2251 515 2292 versu
536 2230 700 2308 interpellat
720 2250 819 2292 servus
838 2229 905 2290 illud
919 2228 1086 2307 colloquium
1103 2229 1210 2308 eoipso
1226 2237 1378 2315 mpmento‚

206 2323 213 2338 '
269 2351 326 2412 quo
347 2331 474 2392 abiturus
496 2337 561 2390 crat
580 2330 728 2390 Menelaus
744 2337 799 2388 etc.
831 2311 1082 2394 'Quemadmodum
1100 2327 1205 2400 nuncii,
1226 2327 1268 2389 sic
1289 2324 1377 2389 etiam

269 2432 387 2512 quaevis
417 2430 490 2490 aliae
516 2447 675 2508 personae,
704 2447 778 2506 quae
798 2429 825 2487 in
844 2447 956 2487 scenam
979 2427 1131 2504 prodeunt,
1158 2427 1273 2509 integro
1293 2449 1377 2490 versu

268 2528 357 2590 ordiri
377 2547 522 2588 sermones
543 2546 610 2605 suros
633 2527 735 2586 solent.
775 2527 816 2587 Et
835 2534 929 2586 tamen
951 2526 979 2586 in
1006 2525 1087 2586 simili
1118 2543 1234 2600 caussa,
1265 2535 1298 2588 ut
1325 2529 1377 2602 blo,

269 2627 346 2708 apud
364 2611 535 2707 Sophoclem
548 2625 575 2684 in
590 2626 753 2685 Philocteta
773 2646 800 2688 v.
814 2623 882 2686 974.
897 2625 1005 2697 Ulixes,
1026 2625 1231 2705 exinproviso
1252 2628 1377 2701 adstans,

270 2725 363 2788 medlo
383 2726 411 2786 ia
433 2743 517 2786 versu
537 2725 616 2819 quui
635 2725 732 2805 incipit
752 2723 774 2786 ab
797 2722 932 2784 κάκιστ’
952 2725 1096 2801 ἀνδρῶν,
1125 2728 1162 2787 τί
1181 2727 1308 2808 dpqiq‚·“

353 2823 537 2897 sufficiebat,
558 2824 583 2886 si
604 2823 674 2884 tanti
695 2830 774 2884 esset
793 2823 843 2883 illa
862 2843 964 2910 caussa
976 2871 983 2898 ,
997 2845 1116 2889 ‘uersum
1133 2827 1194 2887 406
1214 2827 1377 2902 removisse,
1412 2859 1415 2871 ·

217 2935 221 2952 *
272 2925 333 3008 qui,
352 2915 377 2987 si
398 2926 528 2997 abesset,
548 2945 604 2984 non
625 2923 841 2984 desideraretur.
884 2925 1132 2996 Sadverissimum
1151 2926 1289 3004 estquod
1307 2928 1377 2986 Her·

271 3045 390 3088 mannus
411 3024 537 3098 monuit5
555 3021 807 3103 interpellationem
829 3023 1000 3104 significari,
1025 3026 1182 3104 ubicunque
1203 3025 1298 3104 aliqua
1319 3047 1379 3106 per·

157 3187 159 3194 ,
270 3143 343 3187 sena
363 3124 455 3185 medio
478 3125 506 3186 in
526 3143 611 3186 versu
629 3142 785 3184 sermonem
806 3123 940 3184 ordiatur.
982 3125 1077 3186 Certis
1098 3123 1169 3184 euim
1186 3125 1299 3205 legibus
1315 3147 1377 3207 poe·

205 3277 208 3282 .
271 3225 332 3294 tica
353 3225 469 3306 perinde
491 3243 524 3283 ac
543 3221 685 3284 statuaria
713 3222 879 3301 picturaque
899 3222 1037 3284 adstricta
1058 3229 1136 3283 erat:
1165 3243 1228 3284 nasa
1249 3244 1331 3304 quone
1351 3227 1377 3286 in

272 3325 376 3386 statuis
397 3322 621 3404 imaginibusque
640 3339 702 3380 enm
723 3321 953 3382 consuetudinem
975 3323 1154 3382 observatam
1172 3341 1241 3384 ossa
1258 3333 1379 3398 constet,

271 3429 305 3482 nt
326 3423 412 3482 certis
432 3421 590 3502 insignibus
611 3426 708 3480 certae
729 3405 869 3501 personae
888 3429 1042 3500 certaeque
1063 3442 1111 3482 res
1132 3422 1379 3506 distinguerentur,

273 3522 390 3582 eandm
404 3519 586 3582 formularum
600 3521 788 3582 constantiam
805 3523 832 3582 in
852 3521 941 3603 poesi,
960 3521 1083 3602 inprimis
1095 3522 1221 3612 tragica,
1241 3543 1379 3604 regpasse

194 3651 196 3658 ·
273 3620 368 3692 sides,
396 3629 440 3693 ut,
474 3620 538 3700 quid
557 3620 656 3699 cuique
679 3621 833 3682 conditioni
861 3641 1037 3701 caussaeque
1059 3623 1238 3694 conveniret,
1268 3625 1379 3704 legibus
1495 3637 1496 3700 l

196 3761 199 3768 »
260 3739 365 3800 paene
385 3719 570 3800 immobilibus
591 3717 845 3780 definitionem
885 3720 981 3787 Quum
1003 3728 1096 3782 autem
1115 3727 1223 3782 tanton
1239 3721 1380 3786 alliciatur
1495 3739 1496 3752 ¹

272 3817 422 3898 repentino
442 3820 532 3879 nuntii
553 3828 638 3900 atque
655 3819 819 3900 lplnigeniae
840 3837 901 3878 cnm
916 3826 1007 3880 matre
1023 3817 1197 3892 interventa,
1217 3829 1249 3881 ot
1267 3830 1297 3906 et
1311 3823 1381 3883 boec

273 3917 441 3980 deliberatio
469 3925 502 3978 et
529 3921 621 3980 omnis
641 3917 862 4000 Agamemnonis
889 3916 1006 3990 consilia
1026 3918 1240 3999 abrumpentes,
1267 3920 1381 3983 invitus·

272 4036 328 4098 que
355 4017 392 4078 ad
416 4017 610 4080 immolandam
633 4018 772 4101 virginera
801 4018 845 4078 bic
865 4016 1040 4094 impellatur,
1071 4019 1197 4102 cornibus
1217 4019 1379 4092 rationibus,

272 4125 306 4178 nt
326 4135 410 4196 qnam
435 4117 678 4200 vehementissime
699 4115 811 4179 laetitia
837 4117 927 4178 nuntii
948 4124 978 4178 et
996 4103 1159 4191 festinatio,
1188 4138 1250 4180 cum
1273 4127 1380 4198 pertur-
1495 4159 1496 4172 ,

273 4216 388 4278 batione
408 4215 489 4300 regis
503 4236 640 4300 pugnans,
661 4218 768 4278 snimos
785 4223 928 4287 moveret,
949 4213 1067 4276 efficere
1082 4217 1231 4298 Euripides
1248 4217 1362 4278 stodnit.
1427 4267 1428 4274 ,
1495 4261 1496 4286 2

304 4339 307 4346 ·
333 4336 382 4378 ιν.
396 4313 465 4376 408.
506 4315 604 4375 Multis
624 4316 712 4376 modis
738 4314 845 4378 vitiose
867 4315 958 4376 uerba
987 4316 1133 4397 corrigere
1160 4315 1212 4376 uiri
1239 4316 1316 4378 docti
1337 4337 1379 4378 co·

132 4421 135 4438 ¹
200 4443 204 4454 »
273 4414 334 4477 nati
359 4422 439 4476 sunt:
467 4422 499 4476 et
523 4414 584 4494 jam
607 4413 636 4474 in
656 4411 758 4476 Aldina
777 4411 955 4496 ὀνόμασάς
975 4416 1065 4487 ssos'.
1092 4413 1245 4476 emendata
1271 4415 1380 4494 quiden
