3050 5066
704 321 730 412 5

159 557 391 648 ,Prometheo
426 553 469 628 ia
488 553 661 626 wamma
691 554 807 628 Jooie
830 575 899 628 aea
921 553 1027 628 coeli
1055 556 1272 630 cucumim·-

163 671 232 750 bue
255 683 381 778 natam
406 651 612 748 essedixil
630 667 845 767 (lornano).
895 668 983 740 Non
1006 679 1133 762 polest
1154 672 1272 766 igitur
1416 683 1419 688 '

162 789 263 876 lieri,
287 798 328 860 ut
345 791 447 862 idem
465 799 580 884 poeta
600 787 713 858 simul
732 793 770 856 et
786 805 940 856 versum
957 787 1008 856 au
1032 789 1150 871 (κατὰ
1170 793 1271 888 μηρῷ

163 901 203 978 δὲ
228 907 398 997 καλύψας
417 891 647 1008 ’χρυσέαισιν
683 898 882 1000 συνερείδει
911 901 1083 1004 περόναις
1107 902 1271 1002 κρυπτὸν

163 1021 230 1121 ἀφ’
247 1017 449 1120 “Hpogl'et
471 1001 606 1092 versus
619 1017 827 1090 zen—297
853 1014 1049 1108 scripserit
1059 1011 1104 1110 ⁴¹),
1129 1017 1198 1088 sed
1219 1017 1271 1086 al·

163 1141 343 1206 teratrum
369 1131 493 1206 locuni
516 1153 677 1206 necesse
692 1141 752 1202 est
766 1130 1035 1222 interpolatum
1055 1153 1150 1203 esse·
1181 1128 1270 1203 Plu-

162 1245 268 1320 ribus
303 1258 502 1342 praeterea
531 1247 600 1318 illa
634 1245 812 1320 Tiresiae
844 1246 967 1316 oratio
1000 1247 1275 1332 additamentis
1343 1293 1346 1306 ,

163 1367 372 1456 depravata
398 1373 467 1436 est.
515 1361 682 1435 Primum
708 1362 808 1432 euim
832 1383 965 1433 versus
982 1363 1085 1450 2th
1100 1385 1173 1456 quo
1199 1360 1272 1436 (la.

161 1501 224 1552 res
250 1483 382 1554 eadem
407 1502 493 1552 cum
516 1477 678 1551 Tellure
701 1499 787 1548 csse
811 1477 974 1550 traditur
1012 1533 1015 1545 .
1165 1532 1168 1541 a

221 1602 284 1680 .Γῆ
308 1593 488 1677 δ’ἔστὶν·
516 1592 636 1686 ὄνομα
660 1592 883 1694 δ’ὁπότερον
906 1595 1154 1692 palatualis
1172 1633 1237 1684 -,
1267 1597 1272 1606 ’

163 1709 393 1800 versaim,
419 1731 491 1804 quo
517 1711 686 1781 ciborum
711 1711 909 1780 dumtaxat
933 1709 1083 1780 auctrix
1102 1713 1275 1804 appella·'

164 1832 225 1895 tur
245 1824 433 1919 simulque
448 1825 703 1916 eomponitur·
721 1812 805 1896 αααι
824 1819 999 1912 Boccho,
1026 1834 1180 1898 auctore
1204 1849 1270 1920 po·

165 1940 330 2028 tionum,
367 1941 605 2012 adversatur.
660 1936 794 2032 Neque
836 1937 961 2009 miuus
993 1961 1055 2010 vv.
1080 1943 1172 2029 366,
1197 1944 1270 2014 acl

162 2055 249 2144 eum
278 2057 329 2144 iis¹
360 2077 455 2148 quae
480 2054 656 2148 proxime
687 2053 921 2146 praecedunt
944 2065 1122 2146 puguant.
1171 2053 1272 2128 Nam

164 2191 263 2240 curn*
278 2155 319 2238 in
343 2170 428 2258 his,
461 2191 485 2240 a
508 2168 676 2238 fanatico
695 2167 839 2239 »iurare
871 2166 1142 2242 divinationem
1179 2171 1273 2242 oriri

156 2285 306 2375 ¹dictum
331 2286 402 2371 sit,
434 2281 579 2354 inillis
604 2305 656 2353 ex
680 2281 864 2354 ebrietate
889 2283 1048 2364 eaodem
1072 2277 1183 2378 gigni
1205 2287 1272 2356 do-

164 2403 282 2472 cetur.
331 2399 504 2492 Denique
529 2399 570 2470 in
593 2398 743 2468 initium
770 2397 954 2482 erationis
980 2399 1054 2504 duo
1079 2421 1215 2472 versus
1270 2448 1275 2459 ι
1410 2403 1415 2411 “

174 2553 179 2573 =
222 2503 379 2616 Ιθρασὺς
401 2511 441 2587 ii
466 2510 631 2620 δυνατὸςΙ
650 2513 713 2607 καὶ
738 2515 857 2606 λέγειν
883 2507 960 2597 οἷός
984 2515 1018 2586 τ’
1030 2517 1121 2614 ἀνὴρ

236 2631 344 2713 κακὸς
370 2627 522 2714 πολῖτης
545 2629 728 2722 γίγνεται,
754 2635 842 2700 νοῦν
866 2637 932 2702 οὐκ
955 2625 1053 2724 ἔχων

164 2762 222 2814 ex·
240 2729 318 2814 alia
341 2744 473 2814 nescio
499 2765 572 2834 qua
601 2743 801 2836 tragoedia
824 2738 1019 2834 Euripidis
1053 2745 1275 2838 transcripti

164 2859 349 2932 videntur.
401 2857 687 2948 supervacanei
711 2848 812 2927 euim
838 2865 942 2942 sunt,
973 2860 1110 2948 partim
1135 2861 1273 2931 iterun·
1356 2853 1359 2860 ’

163 2982 223 3044 tes
242 2993 337 3066 quae
354 2972 527 3042 versibus
543 2971 629 3058 266,
647 2970 722 3042 269
746 2969 974 3044 exhibentur
990 2974 1130 3066 partim
1147 2977 1275 3047 alienu

165 3088 412 3161 continentes
550 3111 557 3176 j
954 3157 956 3162 ,
1081 3159 1083 3164 ,
1327 3093 1333 3100 ’

259 3199 392 3272 Redeo
417 3201 509 3274 illuc
535 3205 635 3274 nude
659 3201 855 3296 profectus
886 3221 979 3274 sum.
1002 3289 1007 3306 Ι
1031 3198 1146 3290 Certa
1168 3204 1279 3278 illius

164 3315 320 3404 aetatis,
346 3338 420 3409 qua
441 3317 542 3388 vixit
559 3315 786 3410 Euripides,
811 3315 986 3388 homiues
1009 3339 1087 3388 non
1111 3327 1221 3396 urant
1244 3323 1275 3395 ii

164 3432 228 3524 qai
253 3451 496 3524 quaecuuque
522 3432 570 3502 d'e
604 3433 679 3502 diis
713 3432 919 3524 antiquitus
945 3434 1191 3510 canebantur
1219 3439 1275 3509 in·

164 3568 287 3639 genus
308 3545 604 3639 simpliciterque
624 3545 836 3636 crederent,
862 3559 901 3622 ct
924 3531 1129 3644 praecipua
1146 3549 1280 3648 philol

165 3658 276 3749 sophi
289 3659 352 3730 vel
365 3659 477 3731 fidem
492 3661 711 3754 derogando
723 3661 786 3734 rel
800 3665 1052 3766 cogitationes
1064 3689 1155 3744 suas
1167 3652 1274 3741 fabu-

58 3861 71 3880 Ι
164 3771 214 3841 lis
227 3781 402 3864 tanquam
411 3776 601 3872 exemplis
619 3801 686 3849 seu
696 3780 905 3872 allegoriis,
924 3802 1018 3871 quas
1034 3783 1276 3871 dicaut,snb·

165 3885 357 3958 stituendo
371 3909 451 3962 rem
467 3895 650 3984 expedire
668 3895 879 3964 studebant.
913 3891 994 3966 seu
1012 3898 1114 3969 aliod
1138 3907 1276 3992 poetae

165 4001 272 4071 aliud
289 3999 510 4101 philosophi
529 4015 723 4099 spectant:
747 4013 835 4080 uam
853 4031 937 4080 eum
955 4013 1107 4083 obstent
1122 4013 1275 4085 fabulae

164 4117 246 4206 luis,
271 4115 331 4190 illi
345 4113 492 4189 'iisdem
516 4123 755 4212 adjuvantur.
804 4121 918 4205 Quae
937 4127 1091 4198 diversa
1110 4150 1277 4222 persona

163 4289 374 4307 ψ

217 4385 251 4456 *)
272 4385 304 4441 ln
329 4383 449 4442 citantis
469 4387 598 4444 uersibus
617 4402 661 4446 utu
680 4391 715 4448 6.
735 4391 873 4451 llindortii
894 4393 1027 4453 editionis
1045 4413 1178 4453 numeros
1195 4399 1277 4472 sequi

269 4489 379 4528 moneo.
