3032 5054
392 253 400 264 Ι

644 315 647 340 μ
673 307 729 399 9⁶
911 311 913 314 ι

598 357 602 376 ⁴
963 367 967 384 ι

22 502 26 513 ¹
147 542 267 624 ἱκέτης
287 537 415 631 ‘plynos
438 535 509 630 p'ro
535 531 814 638 ιῖυνδάκρυσοι,
848 503 1040 610 ικέτειιιιον
1056 534 1257 628 repondit,
1412 595 1414 600 ,

63 645 70 648 ’
144 649 183 727 ιι.
201 654 299 725 naa
320 651 514 752 verbai‘g’
533 649 850 751 ἥσυχοςιιιιιιιιι,
873 651 1002 723 &affl
1024 651 1256 742 conjunctior·
1387 687 1425 716 ,ι

146 791 235 842 uem
260 769 489 854 xoibomisit,
515 775 556 852 et
579 768 665 860 pluo
684 770 814 838 decem
833 766 1151 839 looisiueerendo
1171 789 1255 858 par

144 884 303 956 tiouiam
338 907 376 976 rc
408 891 530 954 metro
561 883 860 959 succurrendum
887 879 1048 972 putavit.
1093 879 1256 954 Videtur

143 1007 276 1078 autem
310 995 378 1068 illo
415 993 511 1068 usus'
531 997 638 1076 asael
664 993 877 1088 exemplari
916 997 1044 1069 multis
1081 997 1253 1087 partibus

142 1111 512 1201 iaeso5lobscu'ratiu
536 1111 716 1200 maxime·
730 1109 911 1182 extremis
931 1111 1252 1204 uersuupraparti·

142 1229 258 1298 buo·
250 1245 345 1318 quo
361 1227 504 1308 fautum
530 1247 616 1298 csse
625 1225 750 1318 putu,
746 1232 825 1296 -ut
822 1225 964 1317 partim
980 1226 1132 1296 inerim
1147 1227 1253 1298 ir'uir
1291 1285 1294 1292 .
1328 1266 1342 1297 .'
1384 1283 1398 1298 .
1452 1201 1454 1214 .

143 1337 281 1435 madae
302 1343 443 1433 partim
467 1343 582 1413 etiarn
603 1341 705 1412 nate
723 1342 880 1412 sedabo«
890 1341 1118 1511 adiurandi
1126 1343 1252 1417 studio

79 1465 86 1480 “
145 1465 274 1529 textus
299 1458 346 1526 ab
373 1480 418 1528 eo
444 1458 715 1528 immutaretur.
791 1457 887 1522 .'::.s
976 1508 1016 1522 ..
1120 1487 1165 1526 a·
1209 1491 1241 1525 .·

241 1570 431 1673 Exposita
453 1571 569 1664 igitur
601 1573 773 1642 codicum
804 1577 959 1658 natura,
982 1570 1069 1644 alia
1101 1569 1253 1642 esseio

118 1687 216 1773 *bac
241 1686 440 1778 tragoedia
464 1686 712 1756 restauranda
736 1709 847 1778 quam
876 1686 923 1756 iu.
948 1684 1138 1778 plerisque
1164 1685 1252 1774 aliis
1357 1749 1360 1758 .

144 1801 324 1894 operibus
350 1801 587 1892 antiquorum
613 1810 808 1872 auctorum
833 1800 1080 1882 emendandis
1101 1800 1252 1871 ratione

103 1945 110 1954 ·
141 1917 343 2016 utendum5
374 1914 610 2006 intelligitur.
659 1912 918 1994 Quamobrem
947 1913 1251 2005 ingressussum

144 2019 227 2102 eam
252 2029 414 2100 sanandi
438 2027 560 2120 viam,
587 2051 707 2122 quam,
722 2033 762 2100 in
786 2031 919 2102 eadem
944 2027 1076 2098 fabula
1100 2030 1252 2114 edenda
1384 2038 1387 2044 '

142 2145 382 2216 Hermaunus
406 2143 602 2234 probavit,
636 2167 712 2244 ¹.¹..⁰¹.¹
728 2137 817 2242 1ἰῑιιο
844 2144 953 2230 mihi,
986 2151 1164 2235 tanquam
1189 2167 1250 2214 eo·

129 2262 230 2332 'dem
254 2259 400 2352 ingenii
427 2259 599 2328 acumine
616 2261 789 2352 praedito
813 2260 1019 2350 eademque
1039 2259 1251 2330 eruditione
1345 2293 1365 2324 ι

60 2421 65 2426 -
143 2378 353 2460 instructo,
388 2373 491 2444 idem
521 2373 637 2444 licere
668 2375 890 2461 arbitrarer,
929 2376 997 2446 sed
1032 2375 1120 2466 quia
1151 2373 1251 2463 hanc

142 2491 263 2560 solam
299 2489 486 2562 rationem
521 2510 651 2560 veram
682 2512 768 2560 esse
800 2489 894 2560 mihi
930 2473 1116 2580 persuasi.
1171 2488 1251 2560 Aut

65 2630 67 2640 ·
141 2607 244 2676 enim
276 2605 389 2696 plane
419 2603 675 2674 recedendum
709 2605 755 2673 ab
795 2605 1022 2676 emendandi
1052 2600 1249 2696 Euripidis

142 2720 290 2804 studio,
328 2718 602 2790 aut-liberiore
635 2719 780 2814 judicio
805 2719 846 2788 in
868 2719 944 2804 hoc
965 2720 1119 2812 negotio
1144 2729 1250 2814 nten-

137 2837 231 2904 dum
254 2856 362 2920 esse,
397 2855 460 2904 ros
490 2833 578 2924 ipsa
611 2833 704 2904 mibi
734 2834 872 2904 docere
903 2833 1065 2904 videtur.
1112 2816 1249 2926 Neque

45 3003 53 3020 .
106 2957 355 3044 ¹cautorum,
398 2949 467 3018 sed
498 2957 744 3040 angustorum
779 2955 817 3020 et
853 2948 894 3018 in
931 2955 1091 3042 externa
1120 2971 1247 3020 rerum

139 3065 269 3156 specie
293 3063 529 3134 haerentium
552 3063 744 3134 homiuum
770 3084 856 3134 esse
879 3069 989 3154 puto,
1015 3085 1064 3132 ex
1088 3086 1245 3136 numero

137 3181 332 3252 literarum
366 3187 404 3248 et
433 3177 559 3249 forma
589 3179 783 3270 signorum
814 3178 1100 3269 conjecturandi
1132 3181 1246 3250 auda·
1344 3171 1351 3188 ‘

139 3295 400 3386 eiamabique
424 3293 560 3364 metiri.
610 3293 703 3364 Alia
727 3293 827 3364 enim
858 3294 899 3364 iu
935 3293 1023 3364 aliis
1056 3293 1154 3364 locis
1188 3316 1246 3364 ra·

137 3409 242 3480 tione
266 3409 467 3493 utendum,
494 3407 589 3478 etin
608 3408 1076 3502 diversa‘porruptelarum
1097 3410 1245 3502 origine

138 3525 314 3596 diversae
352 3524 467 3596 etiam
485 3511 672 3594 ‘medelae
711 3524 906 3614 parandae
944 3530 1057 3620 sunt.¹
1092 3521 1247 3612 Quarta*

138 3639 227 3730 quid
242 3639 304 3710 vel
328 3638 610 3715 nocuerim'vel
634 3637 853 3728 profuerim,
878 3639 947 3710 alii
965 3637 1142 3726 videaut3
1168 3661 1241 3732 ego

16 3763 20 3768 “
136 3751 230 3822 ιιιιιιι
254 3753 462 3844 pericnlum
482 3753 702 3841 iaciendum
724 3773 811 3822 esso
836 3753 1067 3824 existimavi.
1105 3748 1241 3841 Erunt,
1309 3843 1315 3848 ,

137 3867 202 3959 qui
220 3868 459 3958 conjecturas
477 3890 583 3940 meas
602 3889 679 3938 uon
697 3887 927 3960 magnopere
946 3888 988 3936 so
1010 3869 1242 3960 improbatu-
1308 3917 1310 3924 -

134 4003 201 4052 ros
216 4001 302 4052 esse
321 3980 465 4070 dicant,
489 3986 566 4054 nisi
579 3984 619 4052 in
635 3989 742 4054 textu
762 4001 893 4086 omncs
910 3981 1135 4072 posuissem.
1170 3983 1243 4054 His

135 4118 207 4188 ego
232 4115 294 4168 mo
319 4095 431 4166 aliter
451 4119 496 4168 ac
514 4098 716 4199 plerosquo
742 4096 789 4166 dc
806 4095 880 4168 bac
899 4117 941 4166 re
959 4098 1100 4170 sentiro
1127 4099 1240 4173 confi·

134 4217 235 4298 teor,
270 4216 312 4282 ut
345 4217 409 4280 aut
428 4211 569 4307 xnullas
593 4217 657 4280 aut
682 4231 812 4282 omnes
838 4212 1121 4284 emendationes
1145 4215 1241 4287 reci·

133 4323 296 4414 piendas
319 4325 361 4394 iu
385 4331 530 4397 textum
552 4347 739 4397 censeam.
788 4325 870 4398 Aut
903 4326 1005 4399 enim
1028 4348 1098 4418 pro
1124 4331 1240 4402 certis

83 4445 88 4452 “
133 4438 331 4510 habendae
357 4447 421 4526 aut
443 4461 513 4534 pro
532 4463 610 4530 uon
629 4441 763 4544 certis:
789 4442 824 4514 si
842 4446 990 4530 certae,
1014 4440 1124 4534 quid,
1150 4465 1240 4536 quo·
