3050 5066
619 242 629 287 l

798 312 827 403 6

139 569 141 578 ι
247 553 344 617 ”oum
362 545 493 616 inuno
511 541 694 636 Euripide
721 543 1064 636 conjunctaiuerit,
1089 552 1131 618 ut
1146 561 1267 640 praeno
1292 521 1368 622 uon
1482 589 1487 610 ·

258 662 441 734 minorem
466 662 617 732 leudem
643 659 891 752 philosophus
927 681 1037 754 quem
1070 671 1184 755 poeta
1207 665 1369 756 adeptus

178 857 180 866 ¹
259 778 327 862 sit,
366 775 453 870 quid
490 775 582 848 huic
623 775 710 868 quid
730 775 817 844 tili*
842 775 992 848 dederit
1023 766 1086 850 v'el
1117 799 1190 872 que
1220 780 1368 851 ratione

258 873 455 984 utrumque
474 873 637 961 siudium
657 875 920 980 conjunxerit,
945 891 1150 966 videndum
1175 901 1245 965 est.
1281 892 1369 973 Qua

240 1000 298 1076 ‘in
329 1025 371 1076 re
396 1005 472 1076 nisi
497 1027 581 1076 eum
612 1006 780 1090 varium,
817 1006 1013 1096 mobilem,
1047 1007 1368 1102 multiplicemque

256 1120 378 1194 fuisse
392 1152 397 1162 =
413 1129 578 1193 statuere
609 1121 736 1214 placet
774 1119 955 1213 licetque,
997 1122 1195 1216 reliquum·
1215 1130 1308 1210 est,
1327 1130 1369 1200 ut.

257 1237 458 1330 amplexus
488 1235 541 1308 sit
566 1257 613 1306 eu
638 1257 733 1330 quae
758 1250 879 1328 aeque
903 1235 1044 1308 rationi
1068 1259 1191 1332 neque
1215 1237 1368 1310 veritati

256 1356 383 1460 nerum
423 1368 638 1446 repugnare
670 1351 936 1440 arbitraretur,
976 1351 1212 1427 damuaverit
1243 1342 1369 1424 autem
1513 1431 1514 1452 χ

136 1514 139 1522 -
258 1491 304 1540 ea
338 1490 432 1562 quae
463 1468 526 1540 vel
559 1467 725 1538 absurda
755 1465 818 1538 vel
854 1467 980 1540 aliena
1009 1467 1239 1540 viderentur.
1289 1467 1366 1540 An·
1443 1511 1451 1526 ·

256 1584 413 1658 horrere
450 1603 474 1655 a
506 1584 667 1654 veritate
699 1583 873 1676 putabet,
911 1583 1012 1677 quod
1042 1583 1125 1671 sol,
1161 1590 1365 1676 conspecto

198 1725 203 1747 ι
257 1697 439 1790 Thyestis
465 1698 623 1784 scelere,
649 1716 798 1770 cursum
823 1719 930 1770 suum
952 1721 1038 1771 cum
1058 1699 1247 1772 uniuersis
1267 1697 1365 1772 iide-

251 1815 361 1888 nibus
386 1815 622 1886 convertisse
641 1814 848 1898 dicebatur,
872 1815 926 1884 ita
945 1815 1055 1886 utub
1073 1833 1212 1886 occasu
1239 1816 1288 1886 ad
1307 1837 1366 1888 or·

255 1941 334 2001 t'uru
357 1931 431 2002 iter
456 1929 656 2025 dirigeret:
683 1949 796 2021 quare
815 1921 902 2001 huic
920 1929 1074 2002 fabulae
1099 1951 1142 2001 sc
1160 1928 1279 2002 *fidem
1302 1932 1365 2002 de·
1468 1985 1471 2002 .

253 2065 392 2139 rogare
424 2045 627 2116 confessus
658 2051 717 2115 est
746 2044 928 2135 (λέγεται,
953 2046 1026 2118 τὰν
1051 2041 1091 2117 δὲ
1124 2043 1255 2118 πίστιν
1280 2071 1364 2139 σμι-

111 2211 113 2218 -
256 2163 347 2258 upoiv
370 2169 460 2262 παρ’
483 2157 601 2255 ἔμοιγ’
626 2155 645 2232 ἕ
647 2187 707 2256 χει
731 2157 976 2268 Eiectmildfll
1000 2158 1187 2253 simulque
1206 2181 1290 2251 eum
1315 2161 1365 2232 ad

105 2311 110 2324 =
253 2272 468 2367 implendas
501 2275 686 2368 religione
713 2281 857 2345 mentes
883 2273 1074 2346 homiuum
1101 2273 1363 2382 deterrendos-
1396 2357 1399 2364 .

254 2409 326 2481 que
352 2412 375 2462 a
399 2389 608 2461 sceleribus
627 2389 726 2459 dixit
741 2409 827 2460 esse
845 2388 1121 2482 excogitatam:
1146 2389 1300 2490 φοβεραὶ
1324 2387 1364 2464 dd
1509 2459 1512 2470 ,

251 2503 426 2605 βροτοῖσι
445 2509 560 2596 μῦθοι
579 2499 704 2604 κέρδος
722 2505 813 2608 πρὸς
828 2495 920 2576 ΙΒιῶα
935 2501 1214 2605 Βιραπείαςσισ.
1255 2500 1361 2576 idem

96 2679 99 2698 ,
180 2628 181 2632 ’
253 2625 388 2689 contra
410 2618 450 2688 in
476 2619 643 2690 moribus
670 2621 825 2690 deorum
858 2616 1110 2710 depingendis
1142 2623 1251 2694 totus
1276 2637 1363 2690 cum

251 2731 419 2814 Homero
445 2733 588 2821 stabat,
619 2739 661 2805 'ct
686 2751 842 2826 prorsus
869 2733 919 2804 ad
950 2731 1141 2804 hominum
1167 2735 1364 2826 exemplar

252 2869 382 2918 eorum
408 2854 581 2944 naturam
607 2847 879 2919 conformabat.
915 2842 1150 2938 Hippolytus
1170 2848 1363 2940 quaerenti

251 2961 417 3053 famulo,
442 2965 626 3035 eademne
653 2963 727 3034 diis
753 2981 848 3058 quae
869 2961 1085 3037 hominibus
1104 2970 1215 3054 grata
1239 2963 1363 3054 ingra-

247 3061 364 3170 taque
389 3098 475 3149 esse
511 3080 732 3186 arbitretur,
768 3080 853 3150 siue
883 3053 1124 3181 cunctatione
1154 3077 1362 3169 respondet

251 3191 388 3290 (Hice
407 3187 492 3285 92)
569 3197 589 3256 ·‘
882 3254 886 3304 ,

238 3363 240 3374 ι
323 3314 422 3414 εἴπερ
448 3334 488 3404 γε
511 3307 644 3394 θνηταὶ
667 3313 763 3382 erac
787 3308 937 3401 νόμοισι
962 3305 1151 3406 χρώμεθα.

123 3447 154 3472 ·’
250 3421 395 3498 Eadem
436 3423 585 3500 ratione
615 3419 826 3524 Pentheum
859 3419 1034 3494 Tiresias
1076 3421 1128 3492 ad
1160 3416 1361 3494 colendum

251 3537 445 3612 Bacchum
470 3543 695 3614 exhortatur
720 3542 772 3626 (v.
789 3537 893 3620 319.)

325 3659 435 3758 ὁρᾷςς
462 3662 511 3731 σὺ
538 3657 684 3761 χαίρεις
708 3649 804 3729 ὅταν
828 3656 1039 3755 ἐφεστῶσιν
1064 3653 1199 3732 πύλαις

102 3796 106 3804 ’
195 3811 210 3828 s
258 3811 262 3820 ·
323 3771 458 3846 πολλοὶ
480 3774 528 3846 τὸ
554 3773 718 3854 Πενθέως
742 3767 775 3842 δ’
789 3762 910 3860 ὄνομα
934 3766 1129 3862 μεγαλύνῃ.
1143 3764 1259 3847 πόλις·

324 3891 505 3971 κάκεῖνος,
531 3881 658 3978 οἶμαι,
684 3887 862 3987 τέρπεται
885 3882 1098 3974 τιμῶμινσς.

250 3997 354 4096 Ergo
367 4002 424 4074 dii
433 4010 471 4074 et
487 4000 692 4072 incitantur
707 3999 765 4070 ira
776 3996 1016 4089 omniumque
1031 3987 1279 4086 cupiditatum
1291 3991 1359 4062 im·

249 4125 341 4208 pctu
352 4117 597 4210 impelluntur
611 4123 816 4208 etpeocaut
828 4136 896 4208 per
907 4111 1194 4206 imprudentiam
1207 4114 1244 4176 et.
1256 4123 1359 4176 coer·

250 4229 383 4302 centur
413 4231 660 4316 necessitate,
697 4251 817 4321 neque
848 4227 928 4298 ulla
956 4250 998 4300 ne
1028 4225 1104 4296 nisi
1137 4220 1280 4292 viribus
1313 4241 1359 4290 uc

249 4347 421 4438 potentia
446 4353 641 4436 praestant
673 4343 906 4416 mortalibus.
957 4339 1055 4414 Nom
1087 4346 1126 4408 et
1149 4335 1279 4408 Venus
1311 4334 1358 4404 ab

199 4539 201 4548 ,
249 4461 335 4552 ipsa
354 4459 479 4532 Diana
505 4467 710 4559 πανοῦργος
745 4465 906 4530 vocatur
924 4453 1054 4551 (Hipp.
1070 4447 1182 4546 140⁰)
1209 4456 1248 4524 et
1270 4445 1356 4522 insi·
