3032 5054
794 295 849 386 70

269 481 436 622 scrlpslt,
460 523 655 598 etiamtum
679 525 916 600 adolescens.
962 521 1009 598 In
1034 519 1106 621 quo
1124 525 1296 623 singulos
1319 528 1374 601 lo·

264 647 337 713 'cos
361 640 629 750 pertractando
653 640 855 732 plurimos,
882 639 1052 714 adhibito
1079 645 1241 736 quodam
1266 643 1375 716 soho·
1500 647 1501 654 ’

267 754 405 844 Hastae
430 752 702 846 Aristophanis
728 755 965 844 testimonio,
997 777 1070 850 quo
1101 757 1202 830 filius
1226 755 1374 854 Euripi·
1500 753 1501 786 ³

269 869 329 942 dis
354 874 634 962 patre'mortno
659 866 902 962 Iphigeniam
919 859 1169 945 Aulidensem
1195 873 1374 946 docuisse

269 989 603 1073 commemoratur,
627 982 700 1056 hoc
719 983 873 1060 efficere
898 986 1060 1074 studuit,
1085 987 1275 1079 duplicem
1294 987 1375 1060 uni·

267 1099 373 1171 versi
409 1098 589 1172 dramatis
623 1099 886 1171 recensionem
915 1098 1076 1193 factam,
1110 1109 1149 1174 et
1183 1123 1207 1174 a
1236 1103 1375 1176 minori
1464 1187 1466 1196 ,
1500 1193 1501 1204 ¹

267 1210 690 1308 Euripide-profectam
715 1235 800 1286 esse
822 1237 924 1301 eam,
958 1236 1053 1309 quae
1084 1239 1184 1290 nuno
1219 1216 1375 1292 habere·

158 1327 160 1336 '
267 1337 347 1436 tarr,
382 1329 599 1416 editionem.
651 1326 760 1409 Quae
785 1332 972 1402 sententia
996 1332 1071 1432 etsi
1094 1353 1171 1422 non
1195 1340 1254 1406 est
1283 1345 1376 1406 vcra
1493 1369 1496 1376 ·

267 1453 431 1538 roperta,
459 1442 563 1540 (nam
583 1451 647 1518 ant
664 1443 979 1544 interpolatorum
997 1447 1182 1522 andaclac
1200 1455 1264 1520 aut
1282 1448 1375 1520 scri·

266 1560 401 1633 barum
426 1561 615 1633 erroribus
640 1561 841 1654 tribuenda
863 1567 949 1633 sunt
975 1582 1070 1656 qnae
1092 1563 1159 1636 ille
1183 1585 1207 1634 a
1230 1565 1377 1637 minore

267 1671 452 1767 Euripide
470 1675 645 1768 profecta
662 1698 748 1748 esse
764 1672 947 1771 putavit);
971 1685 1111 1766 tamen,
1128 1700 1251 1773 ¹quum
1273 1682 1375 1756 uiro·

267 1811 352 1862 rum
368 1783 574 1862 ¹doctinam
609 1791 736 1863 studia
761 1792 810 1864 ad
842 1777 1163 1887 investigandam
1180 1795 1259 1868 rem
1281 1796 1375 1868 incl·⁸
1446 1869 1449 1876 ,

158 1979 162 1988 ,
268 1903 420 1994 laverit,
443 1894 648 1999 plurimum.
662 1903 1018 2000 contulitEuripidi·
1054 1907 1116 1982 Ac
1135 1912 1279 2006 primus
1297 1911 1375 2006 qai·

270 2017 355 2091 dem
371 2015 548 2093 Bromius
565 2019 604 2091 in
622 2021 804 2113 symbolis
821 2021 1066 2117 philologieis
1079 2021 1111 2096 Ι.
1125 2047 1160 2118 p.
1175 2023 1258 2098 143.
1277 2027 1376 2098 bene

268 2133 405 2205 meruit
429 2136 476 2208 da
501 2133 573 2208 hac
598 2135 751 2225 fabula,
775 2138 898 2234 majus
924 2138 1046 2209 exitui
1070 2141 1155 2232 ejus
1177 2161 1288 2235 quam
1309 2163 1375 2214 ex·

269 2248 378 2320 ordio
396 2247 555 2322 inlatum
574 2251 836 2323 detrimentum
854 2273 953 2340 esse,
980 2254 1261 2326 demonstrans:
1286 2261 1375 2329 narn

270 2369 307 2435 et
331 2362 461 2455 spuria
486 2387 572 2436 esse
599 2366 729 2438 docuit
755 2387 850 2460 quae
870 2367 917 2438 de
934 2368 1195 2440 immolatione
1212 2371 1375 2464 virginis

172 2531 174 2541 Α
269 2479 439 2557 anuntio
457 2485 747 2574 supercreatum,
768 2488 805 2552 et
818 2479 891 2554 huo
905 2483 1096 2575 pertinere
1110 2469 1374 2578 fragmentum,

269 2591 369 2687 qnod
395 2595 495 2688 apud
515 2594 720 2674 Aelianum
744 2588 970 2683 servaretur,
1000 2607 1214 2670 comesset
1235 2602 1373 2688 eu'de-

267 2705 423 2800 perdita
444 2691 613 2780 oratione
632 2708 801 2798 Dianae,
825 2732 895 2802 per
913 2710 1129 2785 machinam
1154 2713 1372 2804 arcessitae,

196 2911 199 2922 Δ
269 2821 516 2916 depromtum.
564 2807 671 2898 Idem
701 2825 782 2918 jam
817 2832 929 2898 antea
952 2823 1148 2920 Porsonus
1179 2827 1374 2922 inpraefi
1500 2869 1501 2908 ,

267 2934 362 3009 Heo.
385 2960 420 3030 p.
435 2939 495 3018 23.
519 2939 735 3033 suspicatus
755 2947 846 3013 erate
882 2937 1010 3037 Atque
1024 2939 1383 3040 ,Bremiusquidem

269 3053 486 3144 opinionem
521 3055 570 3126 de
605 3053 749 3148 duplici
780 3057 1004 3150 recensione
1043 3063 1265 3150 conceptam
1296 3077 1382 3152 uon¹
1500 3077 1501 3106 i

225 3164 227 3174 ’
271 3165 454 3238 deseruit:
482 3165 596 3260 quidl
622 3160 722 3263 quod
740 3191 789 3248 ne
807 3167 992 3242 Matthiae
1011 3171 1176 3265 quidem,
1202 3169 1375 3264 quamvis

267 3280 525 3376 impugnaret,
560 3301 700 3354 exuere
732 3284 838 3358 illam
863 3263 1006 3378 potnit3
1039 3285 1120 3380 qui,
1153 3284 1267 3356 rebus
1290 3307 1374 3378 per·
1500 3277 1501 3372 J

31 3419 33 3426 ’
170 3455 175 3462 .
221 3467 227 3478 ,
268 3396 418 3488 pensis,
444 3397 495 3468 ad
519 3416 602 3468 eam
627 3400 852 3471 sententiam
876 3399 1053 3482 inductus
1078 3405 1158 3488 est,
1180 3397 1375 3492 ntlrnpar·

268 3511 481 3584 fectamab
508 3520 661 3602 auctore
683 3513 973 3610 inchoatumque
1002 3511 1374 3606 relictam··iahulam

265 3645 293 3697 a
317 3625 457 3698 minori
482 3624 683 3722 Euripide,
710 3633 759 3700 ut
791 3630 855 3724 agi
887 3635 1036 3726 posset,
1072 3635 1375 3724 coagmentataun

270 3759 356 3827 esse
379 3747 539 3834 putaret.
588 3739 761 3836 Tandem
785 3741 903 3816 firmis
923 3723 1155 3838 argumentis
1177 3742 1277 3817 hano
1295 3743 1375 3838 opl·
1458 3795 1460 3804 ·

268 3853 421 3952 pionem
444 3855 625 3929 refutavit
638 3855 898 3944 Hermannas,
919 3859 989 3956 qui
1011 3879 1090 3929 non
1111 3858 1375 3930 recensionem

269 3989 293 4041 a
317 3967 422 4043 claro
448 3971 574 4064 aliquo
599 3979 713 4064 poeta
731 3971 965 4066 statimpost
985 3977 1146 4046 mortem
1166 3969 1374 4066 Euripidis,

249 4083 337 4159 ‘sed
355 4083 685 4178 interpolationem
705 4085 751 4155 ab
770 4087 901 4182 ignoto
919 4087 1105 4180 scriptore
1125 4087 1269 4180 aliquot
1288 4091 1376 4180 post

158 4211 160 4219 ⁴
186 4257 194 4268 .
268 4199 408 4284 seculis
431 4199 591 4275 inlatam
616 4223 702 4270 esse
728 4203 883 4278 censuit.
933 4199 1001 4274 sic
1021 4202 1129 4295 quani
1146 4223 1214 4296 per,
1234 4201 1375 4295 gradus

164 4357 167 4363 ,
269 4315 503 4392 existimatio
528 4314 680 4386 falsarii
704 4314 888 4388 diminuta
912 4323 989 4388 est:
1029 4323 1068 4388 et
1098 4323 1225 4390 tamen
1261 4336 1310 4384 ne
1334 4313 1377 4394 in

266 4428 340 4515 hoc
357 4428 727 4546 paidengpadulille
743 4429 1026 4542 relinquendus,
1051 4431 1121 4522 sed
1139 4431 1191 4502 ad·
1205 4427 1383 4516 infimum·
