3050 5066
618 309 621 320 '
693 301 756 406 :td

171 545 270 632 ruit,
303 537 435 614 invehi
465 537 509 610 in
531 533 720 611 Helenam
749 531 812 608 his
837 529 966 607 verbis
998 529 1095 608 feeit
1116 532 1282 628 interpo-

170 659 272 730 lator
297 654 408 752 (Heo.
422 649 512 746 441)
671 635 684 738 J
1282 659 1283 668 ’

242 777 286 856 ὡς
309 776 378 858 τὴν
401 772 596 844 Λάκαιναν
617 761 794 858 ξύγγονον
818 759 1061 862 Διοσκόρων·

242 885 386 971 Ἑλένην
411 879 540 974 ἴδοιμι·
565 877 634 963 διὰ·
654 881 773 966 oeldo
797 877 870 977 γὰρ
892 874 1074 970 ὀμμάτων
1094 902 1119 956 π

241 1008 434 1098 ᾳῖοχιστο
461 994 604 1098 Τροίαν
626 989 713 1082 ,edio
728 992 797 1078 τὴν
820 985 1036 1088 εὐδαίμονα.
1054 1056 1061 1084 ,Ι

168 1116 278 1189 Haeo
299 1105 444 1187 intaeta
460 1133 492 1180 a
517 1109 662 1182 eritieis
686 1109 840 1197 praeter
863 1099 1121 1174 Hermannurn
1145 1105 1283 1176 relicta

169 1253 276 1317 esse,
314 1245 551 1320 magnopere¹
569 1222 785 1297 mirandum
809 1225 882 1290 est
938 1217 1014 1292 Hie
1048 1225 1196 1306 tamen,
1231 1243 1281 1290 ne

170 1367 244 1441 qua
268 1344 412 1416 laoinia
429 1339 603 1410 interiret
629 1336 813 1429 religiose
839 1355 976 1404 curans
984 1366 996 1422 3
1021 1357 1098 1404 non
1119 1336 1282 1419 delenda

161 1464 239 1540 ‚illa
264 1460 333 1530 sed
358 1458 475 1528 choro
509 1453 719 1524 deserenda
743 1451 908 1535 censuit,
943 1449 1189 1542 novaqpleqre
1221 1471 1280 1520 ra-

167 1579 272 1646 tione
301 1575 493 1644 trimetros
525 1569 674 1640 cantico
705 1564 929 1657 praefigens.
980 1562 1080 1650 Nam
1114 1585 1208 1658 quos
1239 1566 1281 1635 in

169 1686 354 1778 Aeschyli
377 1685 516 1780 Agam.
534 1683 686 1786 359fet
701 1679 871 1770 Clroeph.
891 1681 976 1750 sal.
997 1679 1149 1772 jambos
1172 1702 1279 1770 prae·

168 1805 282 1894 mittit
304 1803 462 1888 olrorus,
486 1801 542 1872 iis
561 1819 640 1876 non
664 1799 793 1868 statim
813 1797 903 1888 quid
929 1797 977 1866 de
1001 1797 1114 1866 rebus
1140 1797 1280 1866 sentiat

167 1919 266 2004 edit,
292 1919 360 1990 sed
385 1922 530 1988 tantum
555 1913 605 1982 ad
629 1913 818 1984 eantiourn
837 1909 1074 1994 recitandum
1100 1932 1143 1982 se
1167 1931 1278 2000 prae-

103 2089 106 2096 .
156 2040 276 2123 ,parat
302 2033 385 2100 sive
409 2029 646 2100 exhortatur.
693 2025 755 2098 Ae
779 2025 992 2096 Hermanni
1015 2025 1167 2116 quidem
1191 2046 1278 2095 aeu-

148 2169 251 2218 .men
287 2145 436 2239 ingenii
474 2124 513 2215 et
548 2143 749 2233 diligentia
786 2148 964 2232 quantum
999 2161 1085 2211 curn
1117 2140 1277 2231 reliquis

166 2259 327 2354 tragicis
361 2237 441 2330 tuni
481 2255 662 2348 Euripidi
698 2255 930 2348 profuerint,
974 2254 1058 2348 quis
1098 2250 1276 2346 ignorati

167 2397 261 2466 quae
287 2381 425 2468 quanto
449 2372 538 2466 plus
561 2372 818 2464 profuissent,
853 2371 888 2442 si
913 2369 1201 2454 minusmalam
1227 2369 1275 2440 de

164 2488 237 2560 hoe
264 2496 386 2580 poeta
419 2488 623 2578 eonoipere
655 2487 844 2558 voluisset
878 2481 1115 2577 opinionem!
1142 2479 1275 2555 ·Idenr

165 2605 396 2702 igitunpost
412 2626 448 2675 v.
460 2604 535 2675 759
554 2597 659 2696 (739)
680 2603 853 2694 ejusdem
870 2601 1092 2694 tragoediae
1111 2597 1275 2682 *lacunae

164 2720 276 2810 signa
299 2736 443 2809 ponere
468 2739 580 2811 quanr
602 2717 720 2794 verbo
744 2718 896 2788 inutilia
925 2711 1033 2792 οὐδέν
1067 2741 1107 2787 τι
1130 2721 1276 2790 τούτων

162 2825 211 2904 οἷν
241 2835 289 2906 σὺ
327 2829 488 2927 δοξάζεις
520 2830 614 2918 ἅναξ
645 2831 773 2904 delere
807 2831 951 2912 maluit.
1000 2827 1062 2902 Ae
1098 2833 1166 2902 vix
1196 2838 1274 2902 tarn

160 2953 294 3031 tenue,
322 2939 410 3018 'tem
443 2948 645 3032 vitiosum,
688 2953 766 3017 tane
795 2949 964 3038 ineptum
997 2945 1274 3037 absurdumque

108 3054 118 3070 '
160 3061 328 3132 inveniri
340 3067 489 3154 potest,
517 3064 617 3155 quod
630 3061 704 3140 ,ille
720 3083 798 3130 non
812 3059 997 3152 Euripide
1013 3061 1169 3154 dignum
1187 3081 1274 3132 esse

162 3178 538 3270 conservandumque
562 3184 600 3248 et
620 3177 922 3254 concinnandum
941 3176 1125 3248 statuerit.
1173 3173 1279 3248 Nam·
1331 3209 1335 3220 ·

160 3312 246 3365 eum
271 3289 503 3392 Ippigeniae
521 3290 714 3372 Tauricae
745 3293 907 3380 elrorus,
944 3293 1008 3384 qui
1042 3297 1192 3370 dorstat
1221 3312 1273 3363 ex

162 3407 314 3498 graecis
339 3401 582 3495 mulieribus,v
617 3403 811 3479 Asturica
836 3405 984 3503 lingua
1016 3427 1058 3484 se
1093 3407 1272 3476 dominae
1396 3457 1421 3492 .,

159 3519 325 3612 querelis
339 3531 610 3611 responsurum
636 3543 723 3602 esse
742 3523 844 3594 dioat
869 3519 921 3618 (v.
934 3516 1056 3614 lto),
1073 3543 1122 3592 ne
1137 3521 1179 3590 in
1198 3518 1272 3592 hoo

116 3689 123 3698 .
160 3635 309 3724 quidem
336 3631 504 3706 offensus
529 3644 612 3712 est:⁴
627 3657 750 3727 posse,
772 3639 874 3716 enim
895 3637 1080 3711 barbares
1099 3629 1286 3707 barbaris

159 3749 280 3818 saeris
313 3771 448 3842 praees
480 3751 666 3823 adhiberi.
725 3751 854 3844 Atque
890 3752 947 3822 ibi
985 3753 1156 3844 quidem,
1191 3752 1270 3821 nisi
1375 3775 1381 3786 ·
1510 3739 1513 3786 l

155 3859 262 3931 nulla
279 3881 366 3933 non*
380 3867 647 3958 dispositionis
664 3873 835 3939 monstra
853 3865 1070 3956 stroplrieae
1089 3862 1269 3959 Euripidi

53 3983 54 3988 ’
156 3976 361 4047 convenire
392 3987 563 4070 putaret,
587 3988 708 4052 metro
740 3979 837 4050 illud
859 3981 1157 4054 additamentum
1181 4003 1268 4052 oum
1347 3967 1397 4006 '·

155 4090 312 4184 reliquis
329 4093 461 4183 respui
481 4094 749 4168 intellexisset.
792 4092 860 4166 Sia
888 4087 989 4174 eninr
1008 4097 1196 4178 oantioum
1221 4096 1267 4166 il·

152 4204 514 4282 lud'emendandum
534 4209 1092 4306 constituendumqueeenreo:

322 4321 326 4333 '
485 4329 633 4428 στροφὴ
658 4326 695 4398 ά.

94 4433 324 4567 ίΧΟΡΟΣ,
359 4435 621 4546 εὐφαμεῖτ’,ὦ
723 4525 727 4536 ,
