3032 5054
792 309 850 406 90

229 529 231 536 ’
268 533 625 634 nonrmulutlonihds
658 541 768 610 eunte
801 547 839 610 et
877 513 1086 650 lueulertter
1117 542 1206 614 aare
1240 541 1372 614 oeulos
1503 555 1504 560 ’

170 707 175 720 .
266 657 423 749 positis,
449 651 579 728 ,animi
618 660 921 741 commoventur,
961 655 1069 744 unitus
1106 654 1165 726 rei
1195 656 1374 746 euarnpla

265 769 361 844 haee
386 767 586 860 tragoedia
605 764 786 840 muralia
805 769 972 860 plurimo
989 775 1069 842 tum
1086 767 1373 858 laetitiumztllys·

38 990 47 998 ι
106 963 108 970 ,
148 917 152 932 ,
264 889 519 956 tuamnestrae
543 879 671 969 offert,
696 882 892 968 felicitate,
920 900 1030 975 quam
1054 884 1220 974 putabat,
1246 883 1372 988 exsul·

264 985 382 1069 tantis
407 1005 445 1068 et
468 997 723 1090 superbientia
746 997 871 1068 forma
896 997 1021 1084 filiae,
1047 1017 1157 1089 quam
1182 1018 1293 1088 quum
1317 999 1372 1090 ig·

262 1115 395 1184 duram
417 1113 554 1208 ignara
586 1113 824 1186 maetandnm
853 1101 1042 1199 adduoat,
1074 1113 1284 1203 nur-pedem
1311 1133 1371 1184 ns·

195 1317 198 1330 y
264 1247 374 1322 quam
402 1225 587 1312 offendat,
615 1225 730 1296 anxie
754 1234 870 1298 curat.
921 1224 1029 1298 Haeo
1055 1246 1190 1322 suana,
1217 1247 1290 1317 qua
1308 1238 1371 1298 ne·
1503 1221 1504 1302 ἦ

140 1371 143 1379 ·
264 1342 345 1413 seio
365 1363 413 1410 an
427 1339 532 1412 nulla
547 1340 743 1412 venustior
760 1340 821 1427 sit,
848 1339 1058 1412 miserrime
1080 1340 1203 1412 omnis
1219 1342 1371 1432 generis
1503 1363 1504 1368 ¹

263 1454 490 1546 corruptelis
514 1475 592 1524 non
618 1453 741 1529 solum
765 1455 813 1526 alr
847 1450 1138 1546 interpolatore,
1174 1461 1369 1545 praestan·

263 1570 596 1660 tissimaquaeque
613 1569 888 1640 eordibussuis
907 1570 1140 1664 inquinante,
1167 1568 1235 1640 sed
1253 1569 1369 1642 ¹etiam
1501 1649 1504 1658 ,

262 1705 287 1756 a
310 1683 477 1753 librariis
505 1683 719 1754 deformata
743 1690 854 1776 atque
879 1683 1041 1756 eoniusa
1066 1690 1135 1754 est.

359 1795 510 1890 Ilignea
544 1784 743 1889 inprimis,
787 1818 880 1890 quas
907 1797 1143 1883 intueamur,
1181 1807 1368 1889 personae
1503 1875 1504 1886 ¹

260 1917 349 1983 sunt
366 1911 532 1984 Achillis
554 1920 665 2006 atque
682 1907 918 2004 Iphigeniae.
955 1905 1123 1992 auarum
1143 1933 1253 2004 quum
1271 1912 1367 1986 haee
1503 1903 1504 1984 l

259 2026 369 2098 initio
389 2027 576 2120 simplicis
601 2047 673 2098 neo
698 2027 967 2118 nieiproxima
993 2048 1161 2119 quaeque
1176 2029 1366 2112 aurariis,
1503 2061 1504 2066 ,

258 2142 409 2234 puellae
434 2164 526 2234 prae
544 2163 593 2248 ⁸se
618 2141 718 2214 ierat
741 2140 928 2234 speeiem,
955 2141 1079 2214 subito
1099 2147 1223 2212 autem
1243 2141 1367 2213 virilis

258 2257 377 2326 animi
403 2257 603 2328 eonsilium
629 2255 775 2346 rapiat,
808 2277 914 2328 suam
939 2258 1059 2328 vitam
1083 2256 1271 2328 communi
1293 2255 1366 2331 'uti-

258 2369 359 2441 litati
377 2372 596 2461 patriaeque
618 2368 764 2462 gloriae
783 2371 1050 2456 condonandi,
1068 2369 1181 2460 hujm
1204 2389 1366 2442 eommu·
1503 2417 1504 2434 ,

258 2484 415 2556 tationis
449 2503 607 2554 caussas
645 2503 792 2554 summa
828 2489 930 2568 arte,
973 2503 1120 2576 surnma
1156 2479 1364 2574 diligentia,

255 2617 403 2667 summa
427 2605 585 2668 naturae
610 2594 796 2670 humanae
828 2597 965 2690 peritia
997 2585 1276 2682 demonstratas
1309 2597 1364 2670 vi·
1503 2587 1504 2674 Ῐ

258 2713 401 2782 demus.
443 2709 540 2782 Nam
561 2712 732 2804 quamvis
752 2719 1046 2785 consentaneum
1065 2712 1134 2798 sit,
1160 2711 1263 2784 aliud
1282 2733 1365 2784 sen·

124 2905 126 2910 ,
218 2897 224 2908 ,
255 2828 328 2896 tire
348 2827 431 2896 viro
451 2825 676 2899 destinatam
697 2833 807 2920 atqua
826 2825 1189 2919 appropinquantem
1207 2826 1364 2917 nuptiis,

253 2940 363 3014 aliud
388 2939 549 3012 salutem
571 2937 763 3032 publioam
786 2941 826 3012 iu
845 2963 887 3012 se
905 2941 975 3014 niti
992 2939 1268 3033 intelligentem
1289 2940 1364 3012 vira
1456 2968 1460 2978 =

29 3093 32 3102 -
112 3069 120 3084 ²
248 3055 401 3152 'ginem,
441 3061 480 3126 et
517 3056 689 3148 quamvis
724 3067 950 3146 exspeetare
979 3055 1111 3140 lineat,
1154 3075 1230 3126 non
1265 3075 1365 3126 oum·

258 3169 459 3241 missuram
478 3169 582 3266 regis
606 3168 754 3253 tiliam,
776 3159 817 3238 u't
850 3170 899 3240 ad
930 3168 1158 3242 saerifioium
1182 3190 1252 3258 per
1285 3167 1364 3243 vim

258 3281 408 3378 capillis
424 3283 612 3375 trahetur,
639 3283 706 3354 sed
725 3284 1012 3361 constituturum
1030 3283 1091 3370 id,
1117 3283 1217 3374 quod
1234 3290 1271 3352 et
1285 3281 1362 3354 for·
1503 3365 1504 3370 η

257 3405 348 3470 tana
366 3419 436 3469 sua
455 3405 493 3468 et
514 3387 640 3489 patria
658 3398 949 3490 parentibusque
968 3398 1122 3490 dignum
1141 3395 1210 3466 sit:
1236 3403 1364 3469 tamen
1503 3399 1504 3420 ¹

257 3497 540 3584 vehementiore
565 3511 691 3604 aliquo
715 3512 858 3604 impetu
884 3534 978 3604 opus
998 3519 1098 3596 erat,
1122 3517 1182 3595 ut,'
1210 3532 1260 3582 ex
1282 3519 1363 3582 tau·
1503 3539 1504 3608 q

241 3635 320 3702 ¹tae
344 3625 540 3700 felicitatis
563 3647 633 3718 spe
660 3626 827 3717 dejecta,
853 3628 976 3698 subito
1003 3627 1053 3696 ad
1075 3629 1218 3698 tantam
1245 3623 1364 3696 animi
1385 3649 1389 3726 s
1503 3613 1504 3704 ζ

249 3741 555 3834 ,magnitudinem
590 3742 810 3833 erigeretur.
866 3739 951 3812 Hoo
989 3761 1099 3831 quum
1132 3735 1364 3832 intelligeret

256 3863 390 3947 poeta,
421 3851 499 3926 nou
532 3877 583 3926 ex
613 3854 818 3947 longinquo
846 3854 1066 3941 arcessivit,
1101 3856 1170 3928 sed
1201 3875 1252 3924 ex
1276 3855 1364 3944 ipsa

255 3991 296 4080 re
322 3968 456 4061 petivit
481 3969 676 4040 auxilium.
729 3967 804 4047 Qui
831 3969 1045 4060 enimspes
1070 3968 1362 4059 fueratnuptia·

165 4083 170 4102 ⁸
255 4107 336 4154 rum
356 4093 394 4154 et
412 4105 549 4154 oaussa
568 4082 796 4186 deveniendi
812 4085 853 4154 in
871 4081 1043 4165 insidias,
1062 4082 1249 4165 Achilles,
1276 4101 1362 4150 ean·
1503 4099 1504 4114 ¹

256 4201 353 4273 dem
366 4198 499 4294 mqrtls
518 4198 641 4270 voluit
657 4219 743 4272 esse
762 4197 1055 4270 imitamentum.
1097 4195 1272 4268 Insciens
1298 4217 1361 4306 au·

255 4321 329 4382 tem
353 4312 568 4414 iuv'pusque
588 4310 688 4400 hoo,
711 4333 795 4382 eum
817 4312 885 4386 vel
898 4312 1062 4385 maxime
1080 4310 1265 4404 virginem
1284 4329 1361 4380 ser·

253 4447 345 4498 vare
362 4427 501 4514 studet,
526 4417 658 4500 allinit.
694 4422 923 4518 Numquam
940 4425 1086 4514 insigni
1106 4421 1361 4515 generositate
