3050 5066
638 311 841 424 335w

183 561 218 634 si
241 561 432 659 Aegistho
450 515 790 655 exprobrarentur,
813 583 914 678 ¹¹⁰st
915 559 1213 654 improbaturum
1230 583 1291 634 me
1320 601 1326 608 ·

180 677 266 750 fore
284 680 467 768 arbitror3
494 679 677 752 adversus
696 675 1038 786 Clytaemestram
1062 685 1188 750 autem
1212 685 1290 755 tam
1352 751 1357 766 ,

52 867 54 874 ,
181 793 310 884 inepte
337 795 512 865 dicuntur
536 815 657 886 quam
676 802 765 868 sunt
798 817 822 866 a
844 770 993 885 reliqna
1017 794 1190 864 oratione
1214 794 1290 864 dis·

182 909 389 998 crepantia
421 894 613 979 Sublatis
628 907 724 982 illis
740 911 819 982 vim
853 929 962 980 suam
993 907 1289 1044 dignitatemque

167 1022 348 1103 ,orationi
370 1005 560 1097 redditam
583 1021 746 1094 videbis.
980 1090 987 1107 ,

276 1134 466 1210 Damnum
492 1139 616 1210 attulit
635 1135 810 1230 Euripidi
833 1135 949 1210 etiam
974 1134 1290 1210 scholasticorum

144 1255 149 1270 ‘
180 1247 688 1355 hominum-benevolentia,
714 1254 795 1345 qui,
831 1251 932 1346 quod
956 1272 1025 1322 eos
1048 1273 1175 1322 rerum
1198 1250 1289 1342 pub·

179 1364 341 1438 licarum
370 1369 609 1460 omniumque
644 1390 741 1461 quae
772 1389 842 1458 per
873 1365 1154 1460 multitudinem
1185 1382 1291 1460 gere·
1330 1425 1334 1432 ,

180 1480 330 1568 bantur,
349 1480 390 1552 in
401 1481 484 1554 vita
495 1484 622 1554 otiosa
641 1490 751 1576 atque
766 1471 953 1568 solitaria,
972 1480 1161 1568 taedebat,
1182 1501 1290 1564 suam

180 1595 241 1666 illi
273 1599 535 1668 morositatem
573 1598 774 1670 obtrudere
815 1597 1049 1675 studuerunt.
1099 1594 1233 1688 *Atque
1266 1617 1291 1664 a

181 1710 422 1803 philosophis
453 1714 616 1804 primum
647 1719 771 1785 ortum
795 1709 979 1784 essehoc
1004 1709 1151 1798 odium,
1175 1707 1288 1788 Plato

168 1831 221 1896 ⁴et
244 1825 461 1918 Xenophon
479 1824 670 1898 Socratici
695 1833 917 1920 argumento
943 1829 1042 1912 sunt,
1068 1817 1299 1918 quibuscum

181 1961 277 2012 caue
289 1934 514 2033 Euripidem
537 1941 658 2030 ideo,
675 1943 776 2036 quod
792 1942 1036 2012 familiariter
1054 1942 1127 2012 et
1114 1961 1200 2033 lpse
1219 1939 1290 2015 80·-

77 2081 89 2094 ·
172 2062 287 2126 crate
308 2078 403 2126 usus
427 2073 514 2128 esse
540 2055 708 2144 dicatur,
726 2057 988 2128 consensisse
1015 2060 1136 2158 putes.
1168 2053 1292 2128 Aliud
1343 2135 1349 2154 κ
1411 2099 1415 2114 ·

181 2167 1305 2264 eurmpoetae,alrudpbilosoph1sequuntur‚utcumhosa·

180 2287 313 2378 populi
334 2287 545 2356 commodis
569 2285 900 2379 voluntatibusque
925 2284 1090 2362 studium
1118 2285 1289 2371 seducat,

179 2399 272 2470 illos
288 2423 373 2471 cum
388 2401 627 2473 multitudine
647 2408 921 2472 starenecesse
934 2401 995 2471 sit.
1021 2395 1058 2470 N
1061 2419 1121 2479 aar
1134 2419 1210 2491 qua
1222 2403 1289 2469 rio·

181 2521 260 2594 stra
278 2523 384 2586 aetas
403 2519 522 2588 utitur
541 2517 804 2615 distinctione,
831 2539 916 2588 cum
927 2503 1030 2587 'alios
1049 2509 1173 2606 plebis
1189 2507 1291 2586 alios

60 2633 68 2644 “
181 2630 457 2724 elegantiorem
486 2632 683 2709 hominum
712 2639 847 2723 poetas
879 2629 1047 2722 appellat
1053 2677 1066 2718 ,
1099 2634 1192 2702 eain
1208 2628 1290 2703 noli

116 2773 118 2778 ’
181 2746 341 2839 graecis*
362 2747 484 2818 fuisse
514 2729 730 2817 horninibus
755 2745 1094 2832 notam-credere,
1132 2759 1290 2837 quorum

104 2875 113 2892 ·
181 2860 331 2952 quidem
368 2868 523 2953 poetas,
557 2862 593 2932 si
624 2861 674 2932 ud
707 2859 806 2931 banc
831 2869 1004 2950 normam
1035 2859 1290 2942 examinabis,
1419 2931 1425 2944 „

55 2985 57 2993 '
179 2973 259 3046 illis
281 2995 393 3068 quam
410 2975 473 3046 his
491 2997 622 3046 omnes
643 2975 849 3068 similiores
873 2994 959 3046 esse
979 2975 1163 3046 invenies.
1200 2956 1290 3046 01ἑ

179 3091 283 3161 nium
303 3095 429 3166 autem
447 3091 604 3161 minime
621 3091 833 3161 dramatico
848 3089 998 3180 poesis,
1025 3109 1121 3180 quae
1139 3094 1177 3160 et
1199 3065 1291 3164 nata

180 3212 263 3276 crat
287 3203 373 3276 cum
393 3205 525 3275 liberis
550 3205 768 3276 civitatibus
793 3206 889 3276 etin
912 3205 964 3274 iis
987 3202 1083 3276 solis
1106 3203 1290 3295 spirabat,
1349 3277 1353 3288 ,

181 3317 344 3411 aplebis
364 3321 504 3406 studiis¹
526 3309 836 3414 unquamsspotuit
849 3317 988 3390 valier'ra
1012 3337 1110 3390 esse.
1157 3316 1291 3397 Quare

179 3429 396 3525 Euripides,
421 3455 506 3504 curn
522 3443 602 3506 arte
620 3437 707 3527 ipsa
725 3435 863 3506 civium
879 3431 1137 3506 voluntatibus
1157 3430 1290 3509 tabere

104 3603 106 3610 .
182 3555 404 3640 cogeretur,
427 3569 505 3618 non
526 3549 673 3621 minore
692 3548 968 3642 Spartanorum
986 3546 1075 3618 odio
1096 3569 1206 3639 quam
1222 3569 1288 3640 pa-

180 3663 277 3730 triae
303 3683 432 3734 amorc
450 3664 656 3758 flagrabat,
670 3685 802 3757 ‚neque
825 3683 991 3756 uuquam
1013 3663 1189 3736 instituta
1210 3685 1291 3734 ma·

177 3773 305 3865 jurum
333 3779 575 3870 vituperavit.
634 3775 685 3850 ut
719 3777 1007 3862 ambitiosorum
1041 3777 1191 3871 quidem
1223 3777 1290 3848 bo·

180 3873 323 3958 minum
346 3889 675 3987 factiosorumquc.
700 3893 949 3986 pravitatem,
979 3893 1184 3966 mobilitati
1211 3893 1290 3985 ple·

115 4007 119 4020 ’
178 4003 239 4073 bis
280 4009 319 4073 et
353 4004 434 4075 suis
471 4009 682 4080 commodis
715 4007 1022 4098 inservientium,
1063 4007 1289 4099 saepissime

178 4117 420 4211 perstringit,
451 4139 573 4214 neque
596 4116 674 4192 non
709 4141 863 4193 caecum
886 4123 1162 4216 multitudiuis,
1196 4123 1290 4192 inot-

180 4240 282 4304 tatae
307 4234 598 4328 cupiditatibus,
622 4235 797 4311 furorem
818 4237 1021 4310 describit:
1047 4242 1290 4337 utnusquam

180 4346 293 4420 reniti
330 4348 556 4442 timiditate,
597 4351 731 4444 procul
764 4347 934 4428 ¹adstanti
967 4353 1228 4424 versantibus
1247 4354 1296 4424 iu

105 4462 110 4470 '
178 4461 348 4552 periculo
366 4465 525 4556 similis,
549 4467 809 4563 imprudentes
829 4474 960 4541 monet
983 4465 1106 4566 atque
1121 4455 1295 4559 castigat*

803 4600 809 4618 ι
930 4584 986 4651 θῂ
